3198 5178
524 773 905 856 PRAEFATIO.

173 1195 206 1262 N
228 1217 314 1264 nova
333 1195 499 1285 Euripidis
514 1193 690 1284 Hippolyti
707 1194 846 1263 editione
865 1195 1014 1278 curanda,
1030 1197 1094 1266 duo
1109 1197 1190 1266 mihi
1211 1221 1293 1286 prae·

194 1299 287 1388 cipue
307 1300 469 1389 proposita
490 1307 575 1366 sunt.
629 1298 775 1365 Primum
801 1322 929 1389 operam
951 1299 1037 1382 dedi,
1058 1309 1095 1368 ut
1120 1301 1190 1368 haec
1213 1302 1294 1368 Tra·

131 1403 253 1490 goedia,
282 1427 325 1472 ex
354 1404 483 1493 optimis
517 1402 760 1470 auctoritatibus
789 1403 966 1485 emendata,
995 1403 1103 1492 purior
1131 1427 1229 1494 quam
1258 1405 1293 1472 in

132 1507 294 1596 prioribus
323 1507 517 1576 editionibus
546 1507 700 1595 prodiret:
734 1506 859 1587 deinde,
882 1507 1040 1595 quidquid
1065 1507 1100 1574 in
1124 1510 1231 1576 verbis
1256 1533 1294 1578 ac

132 1611 302 1678 sententiis
315 1611 442 1678 difficile
455 1619 540 1678 essct
554 1620 611 1676 aut
623 1608 832 1690 reconditum,
843 1609 878 1674 id
893 1619 1025 1676 conatus
1039 1631 1111 1677 sum
1123 1611 1291 1698 explicare,

131 1723 168 1780 et
202 1714 361 1802 exemplis
390 1737 409 1779 a
438 1712 554 1781 Graeca
583 1711 688 1794 Poesi,
723 1713 928 1801 maximoque
956 1712 1141 1803 Euripides,
1171 1715 1291 1803 petitis,

131 1817 304 1884 illustrare.
342 1816 429 1897 Quid
444 1817 478 1883 in
491 1829 626 1906 unaque
641 1816 744 1904 operis
758 1826 848 1905 parte
862 1816 1056 1905 profecerim,
1071 1841 1169 1906 penes
1184 1841 1292 1908 aequos

130 1929 167 1988 et
191 1920 333 1988 eruditos
357 1920 489 1988 lectores
514 1920 674 2008 judicium
700 1929 759 1987 est.
803 1918 912 1986 Pauca
937 1929 1063 1987 tantum
1081 1923 1121 1988 de
1144 1921 1292 1990 instituto

128 2046 214 2104 meo,
229 2023 317 2091 etde
331 2023 493 2104 subsidiis,
511 2024 629 2112 quibus
643 2045 722 2090 usus
736 2045 818 2104 sum,
834 2023 960 2112 praefari
975 2025 1064 2092 libet.

200 2129 241 2195 In
260 2138 355 2195 textu
368 2127 569 2210 recensendo,
590 2127 717 2194 nullum
732 2129 929 2216 superiorum
944 2129 1101 2196 editorum
1115 2153 1171 2219 per
1184 2132 1292 2198 omnia

130 2242 262 2300 emotus
291 2255 379 2314 sum3
413 2231 664 2298 evaristatibus
693 2231 866 2299 lectionum
895 2232 981 2320 apud
1011 2232 1146 2301 Codices
1175 2233 1292 2302 Manu·

130 2337 269 2424 scriptos
294 2359 315 2402 a
340 2334 536 2422 Musgravio‚
567 2333 741 2417 Brunclrio,
772 2343 805 2402 et
834 2334 906 2401 aliis
936 2335 1077 2418 collatos,
1106 2345 1292 2426 veteresque

129 2437 289 2508 editiones
308 2437 457 2506 Laenatis
475 2449 507 2506 et
525 2438 615 2520 Aldi,
640 2459 721 2526 quas
744 2437 814 2527 ipsc
837 2438 1008 2526 diligenter
1031 2441 1161 2522 contuli,
1183 2440 1291 2508 Poetae

129 2545 233 2611 verba
246 2543 454 2632 probabiliter
468 2541 607 2609 eruenda
621 2565 690 2608 csse
705 2541 795 2608 duxi.
837 2541 914 2608 Huc
928 2541 1120 2610 accedebant
1133 2544 1292 2632 permulta

128 2657 276 2716 veterum
302 2647 499 2737 Scriptorum
522 2646 602 2727 loca,
632 2647 689 2735 qui
718 2669 736 2712 e
762 2645 935 2733 Tragoedia
963 2657 1072 2713 nostra
1100 2647 1176 2714 hinc
1201 2649 1291 2717 illinc

128 2752 233 2818 verba
253 2751 471 2819 laudaverant
516 2749 642 2818 Horum
660 2749 782 2816 scilicet
801 2749 972 2816 auctoritas
986 2749 1074 2816 haud
1088 2751 1207 2839 exigua
1221 2775 1290 2820 esse

131 2855 240 2934 debet,
260 2854 302 2920 ad
319 2864 446 2922 textum
467 2852 536 2920 sive
550 2851 781 2940 corrigendum,
800 2852 868 2918 sive
883 2851 1122 2921 stabiliendum.
1166 2853 1207 2919 In
1229 2853 1290 2922 hac

130 2957 229 3023 officii
243 2958 307 3024 mei
320 2967 421 3046 parte,
442 2954 700 3023 aValclreneerii
724 2955 969 3035 Commentario,
994 2955 1166 3044 multiplici
1185 2956 1291 3024 erudi·

130 3063 220 3128 tione
249 3062 371 3142 referto,
402 3085 454 3128 mc
482 3061 623 3127 maxime
652 3059 797 3148 adjutum
826 3081 895 3130 esse
921 3057 1057 3124 libenter
1084 3058 1193 3126 fateor.
1249 3059 1291 3126 In

131 3165 324 3232 lectionibus
339 3164 506 3252 eligendis,
522 3164 676 3230 rationem
691 3185 815 3250 semper
834 3161 934 3227 habui
954 3160 1191 3227 consuetudinis
1206 3161 1292 3250 apud

132 3268 288 3356 Tragicos
302 3269 336 3334 in
351 3267 512 3335 similibus
526 3268 712 3335 observatae.
756 3265 798 3332 In
817 3263 879 3331 hac
898 3273 965 3330 arte
979 3264 1089 3330 critica
1103 3264 1289 3346 exercenda,

131 3371 247 3438 ducem
262 3380 294 3437 et
308 3371 469 3458 auspicem
484 3370 607 3458 sumpsi
622 3368 809 3450 Porsonum,
824 3367 968 3455 quicum
984 3367 1121 3456 ingenio,
1136 3367 1289 3452 doctrina,

132 3473 322 3562 sejudicio,
345 3474 430 3540 ultra
451 3483 571 3541 ceteros
594 3473 744 3540 mortales
765 3471 915 3554 floruerit,
938 3485 1006 3538 tum
1029 3494 1226 3560 quacunque
1248 3473 1290 3540 ad

132 3578 257 3646 Graeeae
271 3577 393 3665 linguar
407 3577 675 3666 orthographiam,
692 3585 892 3656 structuram,
908 3583 940 3642 et
954 3574 1135 3640 universam
1150 3575 1290 3644 indolem

131 3690 321 3770 spectarent,
353 3703 437 3748 unus
470 3682 612 3747 omnium
646 3680 703 3768 qui
732 3690 806 3768 post
836 3679 946 3747 llterss
977 3688 1103 3760 renatas
1127 3679 1287 3764 vixerunt,

130 3786 260 3853 ridetur
281 3785 401 3873 optime
422 3785 608 3875 percepisse.
653 3783 763 3872 Hujus
782 3784 881 3872 igitur
900 3783 942 3848 ad
959 3782 1142 3871 exemplum
1163 3783 1290 3873 Hippo·

131 3889 195 3978 lyti
211 3899 347 3970 textum
362 3901 519 3976 quantum
534 3889 568 3954 in
582 3911 634 3956 me
649 3887 719 3968 fuit,
736 3887 903 3956 emendare
918 3897 1049 3952 conatus
1065 3909 1146 3953 sum.

199 3989 357 4058 Codicum
392 3991 553 4072 lectiones,
584 4000 698 4080 prester
727 4012 845 4079 paucas
874 4013 892 4056 e
920 3988 1061 4054 maxime
1089 3988 1224 4068 vitiosis,
1254 3989 1289 4056 in

131 4094 407 4162 Aunotatiouibus
421 4095 502 4161 meis
518 4094 707 4160 indicantur.
752 4091 950 4180 Diligentius
965 4091 1092 4158 enotavi
1106 4091 1287 4173 vadentes,

131 4221 215 4287 quas
237 4197 393 4265 exhibent
416 4197 563 4266 Lascaris
586 4205 618 4265 et
639 4197 756 4264 Aldus.
802 4195 991 4262 Editionum
1018 4194 1114 4262 etiam
1139 4193 1288 4282 Musgra-

131 4301 238 4368 viane
253 4299 534 4370 Valckenaerianae
550 4311 582 4368 et
596 4300 809 4369 Brunckianae
829 4300 980 4368 lectiones
999 4299 1288 4366 commemorandus

132 4425 203 4472 esse
217 4402 404 4492 plerumque
420 4405 537 4472 censui.

200 4505 327 4573 Textus
356 4530 398 4573 ex
427 4530 515 4575 mera
544 4510 724 4597 conjectura
753 4531 817 4576 non
853 4507 916 4574 nisi
952 4506 1118 4596 perpaucis
1147 4504 1181 4570 in
1209 4503 1287 4570 locis

133 4619 278 4678 mutatus
292 4621 355 4679 cst:
377 4621 408 4678 et
429 4635 520 4701 spero
534 4611 609 4694 fore,
624 4621 662 4678 ut
681 4612 797 4679 cruditi
813 4611 936 4698 judices
951 4612 985 4677 id
1000 4633 1156 4698 nusquam
1171 4619 1287 4675 temere
