3198 5178
425 1293 723 1373 PRAEFATIO
756 1289 992 1368 EDITION
994 1289 1046 1366 IS
1082 1287 1323 1382 QUINTAE.

303 1895 597 2056 HIPPOLYTI
621 1897 789 1987 Euripidei
816 1899 1029 1967 recensionem
1056 1921 1077 1964 a
1101 1921 1153 1965 me
1175 1898 1341 1986 vulgatum
1371 1917 1457 1964 anno

400 2020 553 2070 uncccxr
577 2013 651 2092 post
673 2025 791 2070 aunum
810 2013 842 2070 et
861 2025 918 2070 sex
933 2024 1059 2068 menses
1074 2001 1178 2068 denuo
1191 2001 1278 2068 edidi
1292 2001 1459 2089 aliquanto

300 2105 555 2176 emendatiorem.
601 2107 673 2188 Quo
697 2107 826 2196 quidem
846 2131 866 2174 a
885 2115 1025 2196 tempore
1047 2129 1119 2173 cum
1142 2107 1270 2172 iteratas
1291 2106 1361 2194 ejus
1382 2105 1459 2174 libri

302 2208 457 2277 editiones
476 2211 625 2277 continuo
647 2210 793 2299 usurpari
811 2209 948 2292 videam,
968 2208 1168 2298 Reipublicae
1187 2209 1352 2278 Liteuria
1371 2229 1460 2276 meos

303 2311 541 2400 qualescunque
556 2313 680 2381 labores
694 2313 782 2380 baud
796 2311 997 2402 displicuisse
1012 2313 1167 2380 intellexi.

367 2413 445 2482 Jam
464 2437 539 2482 vero
560 2439 616 2503 per
636 2416 696 2483 hos
718 2425 782 2482 tres
804 2425 861 2482 aut
884 2425 1020 2504 quatuor
1042 2438 1142 2482 annos
1161 2414 1338 2502 bibliopola
1351 2414 1460 2481 omnia

304 2516 408 2604 operia
421 2516 617 2605 exemplaria
626 2516 818 2606 jamdudum
832 2540 902 2585 esse
913 2517 1078 2585 divendita
1088 2516 1236 2605 conqueri
1251 2538 1315 2583 non
1329 2516 1458 2598 desinit,

305 2629 337 2687 et
358 2643 475 2687 novam
497 2643 517 2687 a
539 2643 590 2688 me
613 2619 784 2688 editionem
808 2619 961 2708 flagitare.
1007 2619 1070 2689 cui
1093 2631 1200 2688 tamen
1223 2631 1299 2688 voto
1324 2620 1459 2700 obstitit,

304 2722 391 2812 quod
414 2725 587 2791 sententias
614 2747 633 2790 a
656 2747 707 2792 me
736 2725 923 2815 propositas,
946 2747 1019 2792 cum
1044 2725 1183 2814 primum
1209 2733 1334 2792 textum
1364 2725 1461 2811 hujus

306 2825 424 2893 fabulae
442 2827 675 2910 constituerem,
699 2837 732 2894 et
751 2839 843 2896 notas
862 2829 897 2897 in
914 2852 984 2896 eam
999 2830 1178 2910 scriberem,
1194 2828 1330 2896 subinde
1344 2829 1462 2896 immu-

305 2929 468 3013 tavissem,
494 2927 744 3022 quotiescunque
765 2933 818 2999 vel
841 2932 1014 2999 accuratior
1039 2931 1153 2998 barum
1180 2950 1283 2998 rermn
1310 2931 1461 3019 cognitio,

306 3037 358 3104 vel
385 3037 554 3127 judicium,
586 3048 623 3106 ut
653 3039 691 3105 fit
721 3039 824 3106 oetatis
854 3061 1032 3128 progressu,
1066 3038 1170 3126 magis
1201 3038 1378 3117 subactum,
1409 3059 1463 3103 me

306 3139 438 3207 meliora
452 3141 620 3221 docuisset,
636 3142 688 3209 vel
710 3141 847 3228 deniqne
867 3140 1023 3208 (lodicum
1041 3163 1100 3229 ope
1123 3164 1225 3229 nuper
1244 3139 1463 3207 adhibitorum

307 3266 391 3310 nova
415 3242 474 3310 lux
498 3245 576 3311 locis
599 3242 834 3311 obscurioribus
859 3243 1041 3311 affulsisset.
1087 3242 1162 3311 Huc
1183 3243 1360 3324 accedebat,
1376 3241 1465 3332 quod

308 3345 455 3434 quaedam
478 3369 497 3412 a
518 3369 570 3414 me
594 3347 627 3412 in
654 3345 912 3413 annotationibus
936 3369 1033 3435 prope
1058 3347 1192 3433 triginta
1216 3344 1333 3412 abhinc
1362 3367 1464 3411 annos

308 3449 494 3538 conscriptis
516 3449 674 3518 excidisse
705 3451 856 3518 senserim
885 3451 982 3518 nimis
1006 3451 1193 3540 juveniliter
1218 3450 1312 3530 dicta,
1337 3459 1370 3516 et
1391 3472 1464 3537 quae

307 3553 388 3620 mihi
407 3553 475 3641 jam
495 3576 529 3622 se
547 3577 660 3644 parum
678 3555 897 3643 approbarent.
935 3553 1094 3621 Videbam
1108 3553 1283 3642 praesertim
1296 3553 1464 3636 rationem,

308 3677 372 3744 qua
395 3656 429 3721 in
449 3655 510 3723 hac
529 3657 639 3724 fabula
663 3657 855 3726 recensenda
875 3681 953 3725 usus
977 3666 1025 3724 est
1051 3655 1245 3738 Brunckius,
1267 3655 1374 3723 verbis
1394 3663 1465 3722 esse

309 3768 475 3846 exceptam
496 3759 717 3850 asperioribus,
739 3783 811 3849 quae
829 3770 866 3827 ut
884 3760 940 3828 ille
954 3760 1073 3848 dignus
1093 3759 1188 3828 fuerit
1203 3759 1259 3848 qui
1273 3758 1407 3838 audiret,
1428 3767 1465 3824 at

309 3881 369 3949 ego
391 3860 543 3949 indignus
567 3863 624 3951 qui
647 3862 800 3952 loquerer.
856 3861 957 3930 Nolui
982 3861 1080 3951 igitur
1106 3863 1224 3930 librum
1250 3859 1465 3929 recudendum

309 3963 441 4044 tradere,
465 3965 650 4054 priusquam
672 3989 726 4033 eas
747 3966 909 4047 lectiones,
932 3985 1013 4054 quas
1034 3964 1252 4032 anteferendas
1276 3985 1345 4031 esse
1366 3963 1466 4031 senti-

310 4087 387 4147 rem,
403 4067 606 4149 suffecissem,
622 4079 655 4136 et
668 4090 740 4157 quae
755 4067 876 4135 indicta
890 4091 910 4136 a
923 4091 974 4134 me
989 4068 1117 4149 vellem,
1132 4067 1347 4134 resecuissem.
1381 4063 1465 4135 Rem

311 4169 399 4236 haud
420 4192 546 4258 magna
566 4195 642 4240 sane
661 4173 765 4254 molis,
789 4173 895 4260 siper
918 4195 952 4240 se
975 4181 1141 4262 spectetur,
1166 4170 1267 4252 vides,
1290 4169 1347 4237 sed
1368 4189 1466 4258 quam

311 4269 367 4338 ille
382 4271 567 4339 sustinuerit
582 4274 754 4361 aegerrime,
770 4274 826 4362 qui
848 4298 921 4341 cum
942 4273 1083 4362 quotidie
1104 4272 1267 4341 laboribus
1287 4271 1467 4339 diversissi-

311 4374 374 4441 mis
395 4373 586 4462 implicatur,
609 4385 678 4443 tum
699 4399 773 4443 vero
795 4375 979 4443 infirmitate
1000 4375 1124 4442 laborat
1144 4375 1287 4442 omnium
1309 4373 1468 4441 molestis·

312 4478 403 4560 sima,
419 4476 580 4545 oculorum
595 4478 797 4547 hebetudine.
843 4479 930 4561 Quas
951 4501 1055 4545 moras
1075 4478 1207 4546 editioni
1227 4479 1352 4546 obstare
1366 4500 1467 4566 quum
