3134 5168
154 583 452 666 PRAEFATIO
485 583 720 682 QUINTAE
749 582 1051 669 EDITIONIS.
1091 592 1234 695 (1837.)

190 949 473 1020 BIBLIOPOLA
496 973 598 1040 nuper
620 949 733 1018 certior
752 949 864 1033 factus,
885 949 1060 1021 Alcestidis
1079 977 1099 1021 a
1119 979 1172 1023 mc
1194 955 1271 1024 olim

189 1054 224 1121 in
243 1055 410 1144 publicum
427 1053 552 1120 emissae
570 1063 706 1142 quatuor
727 1053 881 1122 editiones
900 1063 983 1122 totus
1000 1057 1070 1144 jam
1091 1057 1271 1127 divenditus

121 1181 191 1240 esse,
207 1167 241 1225 et
255 1159 400 1247 quintam
415 1157 450 1225 in
464 1157 615 1224 studiosae
626 1157 806 1247 juventutis
823 1181 919 1226 usum
933 1159 1075 1248 quotidie
1088 1161 1185 1250 posci,
1200 1183 1272 1253 prc-

121 1263 204 1330 cibus
224 1263 296 1352 ejus
317 1285 382 1329 uon
400 1262 492 1351 potui
512 1261 730 1350 denegarent
748 1261 837 1350 prelo
858 1287 897 1330 ea
914 1263 1021 1331 denuo
1036 1265 1248 1336 mandaretur.

178 1367 267 1434 Illud
288 1379 397 1434 tamen
421 1367 510 1454 prius
538 1365 719 1433 faciendum
749 1365 841 1447 duxi,
863 1375 901 1433 ut
922 1367 1052 1435 libellus
1080 1379 1187 1437 noster
1207 1371 1272 1438 lec·

121 1479 217 1537 torum
246 1470 354 1538 favore
381 1470 493 1558 paullo
521 1469 651 1558 dignior
678 1469 790 1538 exiret.
850 1469 936 1536 Mihi
956 1493 1033 1538 vero
1060 1473 1199 1560 negotiis
1228 1474 1271 1540 ab

121 1571 270 1660 ejusmodi
298 1593 392 1662 opere
421 1573 626 1640 alienissimis
655 1574 799 1639 animum
828 1572 972 1640 deditum
993 1573 1135 1656 habenti,
1157 1595 1271 1665 purum

122 1677 172 1744 otii
198 1676 240 1744 ad
263 1687 373 1744 vetera
397 1676 505 1744 studia
532 1675 700 1744 recolende
728 1685 899 1766 supererat.
955 1675 1050 1758 Quod
1070 1678 1171 1766 potui,
1193 1677 1269 1762 feci,

122 1779 199 1868 quod
219 1780 320 1862 volui,
341 1803 407 1848 non
429 1779 531 1847 licuit.

178 1883 284 1952 Annis
319 1884 442 1972 aliquot
484 1891 558 1972 post
592 1882 729 1973 primam
765 1891 907 1950 nostram
942 1882 1115 1952 editionem
1151 1883 1270 1974 prodiit

121 1987 256 2076 Augusti
285 1987 447 2054 Matthiaei
472 1987 508 2054 in
529 1986 613 2053 hunc
641 1985 801 2054 Fabulam
823 1985 1089 2070 Commentarius,
1101 1987 1269 2088 ,Codicum

122 2091 296 2160 collationes
325 2091 546 2181 complectens,
569 2099 637 2156 tum
661 2112 715 2158 cus
740 2089 858 2178 quibus
880 2089 949 2178 ipse
977 2111 1056 2158 usus
1081 2113 1177 2173 erem,
1199 2100 1269 2160 tum

122 2193 194 2262 alies
222 2195 400 2283 complures
429 2216 495 2261 uon
524 2203 597 2262 ante
625 2191 749 2282 publici
772 2193 856 2282 juris
885 2191 996 2274 lamas,
1021 2217 1156 2283 querum
1182 2195 1270 2263 haud

122 2300 231 2388 exigna
255 2309 305 2366 cst
329 2299 453 2366 utilitas
482 2297 525 2364 ad
548 2297 619 2364 loca
647 2296 747 2364 dubia
771 2296 888 2364 rectius
918 2297 1149 2366 constituenda.
1204 2297 1270 2368 His

123 2401 214 2488 igitur
241 2402 434 2492 adjumentis
462 2401 571 2482 fretus,
600 2411 633 2468 et
657 2400 740 2466 curis
769 2400 899 2489 iusuper
926 2397 1077 2467 Virorum
1106 2400 1270 2468 doctorum

121 2526 200 2586 usus,
215 2529 295 2596 quas
313 2507 349 2573 in
366 2505 530 2574 Alcestidc
546 2527 604 2595 pcr
617 2505 734 2594 viginti
752 2505 812 2572 hos
832 2527 932 2573 anuos
946 2505 1067 2594 positas
1083 2505 1162 2587 vidi,
1178 2522 1270 2596 spero

122 2633 168 2678 me
180 2609 318 2678 effecisse
332 2619 370 2676 ut
383 2609 597 2699 pulcherrima
610 2608 680 2675 haec
694 2607 823 2675 Fabula
835 2607 945 2696 paullo
964 2609 1159 2678 emendatior
1173 2609 1269 2678 hodic

123 2715 254 2802 prodeat.

180 2817 267 2886 Inter
284 2817 381 2886 Viros
404 2817 523 2898 doctos,
539 2839 673 2905 quorum
696 2839 861 2886 censuram
881 2815 1012 2884 libellus
1032 2827 1139 2884 noster
1157 2817 1267 2899 subiit,

123 2941 180 2986 non
201 2921 354 2989 tacendus
378 2929 428 2988 est
449 2919 651 2989 Godofrcdus
673 2917 890 3000 Hermaunus,
912 2919 969 3007 qui
994 2919 1127 2986 editioni
1148 2917 1268 3009 Lipsiae

123 3023 273 3114 impressu
299 3025 571 3094 Commentarium
593 3035 737 3092 nostrum
762 3032 888 3090 tantum
911 3045 977 3089 nou
1002 3021 1162 3109 integrum
1187 3022 1269 3110 adji-

123 3128 258 3196 ciendum
280 3127 414 3210 curavit,
430 3128 497 3196 suis
515 3129 551 3196 in
567 3127 661 3194 illum
680 3125 1009 3194 animadversionibus
1030 3123 1166 3193 additisr
1189 3148 1269 3213 qus·

122 3253 184 3298 rum
204 3243 294 3300 tanta
324 3243 374 3300 est
404 3232 568 3314 acerbitas,
591 3242 629 3299 ut
661 3230 829 3298 Editorem
854 3229 961 3318 potius
990 3227 1149 3310 insectari,
1171 3251 1269 3318 quarn

123 3331 221 3402 Poeta
248 3335 407 3425 prodesse,
430 3336 493 3403 sihi
521 3334 719 3424 propositum
749 3332 901 3401 habuisse
930 3332 1086 3400 videatur.
1136 3331 1177 3399 Iu
1206 3331 1267 3414 his,

122 3435 197 3504 sicut
223 3439 257 3506 iu
285 3439 359 3506 nliis
389 3437 568 3507 Hermanni
598 3438 724 3528 scriptis
755 3461 888 3506 acumen
915 3435 989 3504 Viri
1021 3447 1054 3504 et
1092 3434 1268 3504 doctrinam

122 3537 226 3609 lubens
253 3564 410 3632 agnosco3
447 3543 526 3632 quin
554 3551 588 3609 et
612 3542 888 3610 observationibus
917 3541 997 3631 ejus,
1024 3563 1097 3629 quse
1123 3563 1208 3609 vere
1236 3551 1269 3608 et

118 3643 206 3730 justa
218 3655 333 3728 essent,
348 3647 518 3714 obsecutus
532 3669 619 3714 sum:
643 3670 714 3736 quae
729 3645 887 3714 immerito
902 3657 935 3716 et
951 3646 1145 3736 obloquendi
1161 3646 1269 3715 studio

122 3749 299 3838 reprehensa
322 3773 392 3818 esse
414 3750 607 3832 viderentur,
628 3749 755 3819 silentio
784 3750 982 3840 praetermisi.
1039 3748 1205 3838 Quidquid
1233 3749 1268 3817 in

123 3873 168 3919 me
186 3853 409 3922 contumeliose
428 3863 485 3920 aut
506 3853 681 3922 inhumane
700 3855 823 3922 dictum
843 3855 896 3936 sit,
911 3877 976 3922 uon
998 3877 1070 3922 mea
1090 3853 1147 3920 sed
1165 3853 1268 3942 ipsius

122 3977 208 4024 musa
227 3957 329 4026 doleo.
373 3955 458 4024 Mihi
479 3957 619 4045 quidem,
644 3957 696 4024 cui
721 3957 790 4024 hese
816 3957 923 4024 studia
947 3955 1140 4046 jampridem
1171 3955 1269 4024 iuter-

123 4057 202 4127 clnss
220 4071 305 4144 sunt,
327 4060 411 4128 nihil
430 4061 587 4150 ejusmodi
610 4085 722 4130 nocere
744 4069 865 4150 potest:
897 4059 1043 4150 opusculi
1066 4060 1131 4128 mei
1156 4059 1269 4128 existi·

123 4164 243 4232 urationi
271 4188 337 4234 nou
368 4163 509 4232 obfuisse
538 4165 754 4234 demonstrant
786 4163 1007 4254 multiplicata
1036 4163 1105 4252 ejus
1134 4175 1204 4232 tum
1233 4163 1268 4230 in

122 4261 234 4354 Angla
254 4277 325 4334 tum
346 4267 382 4333 in
406 4267 480 4334 aliis
501 4269 686 4356 regionibus
708 4269 876 4337 editiones.
918 4267 1034 4336 Virum
1055 4277 1163 4336 eutem
1185 4266 1268 4334 tanti

122 4370 249 4438 nominis
278 4371 490 4438 inhumanum
518 4371 730 4440 maledicendi
757 4395 888 4453 morem,
917 4382 1011 4439 vetus
1041 4369 1124 4437 illud
1153 4368 1267 4435 harum

123 4465 273 4640 {guarum
299 4473 447 4558 dedecus,
462 4473 610 4564 exemplo
632 4497 690 4542 suo
714 4475 944 4566 comprobasse,
963 4497 1028 4542 non
1050 4493 1181 4562 possum
1202 4492 1267 4536 non
1358 4463 1363 4470 “

171 4597 230 4646 era
