3198 5178
581 335 844 407 PRAEFATIO.
1232 342 1294 409 xiii

133 530 316 592 conectam.
362 520 432 590 Nec
451 521 487 589 id
503 521 585 604 leve,
606 533 663 592 aut
682 525 774 613 parvi
794 524 947 592 momenti
967 523 1150 593 habendum
1160 549 1169 610 ;
1191 525 1293 615 aiqui-

134 627 210 694 dem
225 625 328 694 dicere
342 625 466 694 solebat
476 624 647 708 Porsonus,
662 649 697 694 ae
711 627 794 694 nihil
808 628 963 709 dubitare,
975 628 1054 716 quin
1068 628 1152 695 hano
1165 651 1292 696 scenam

133 729 384 812 celeberrimam,
414 729 519 818 qualis
548 738 632 797 esset
656 729 699 797 ab
728 730 895 821 Euripidis
923 753 1022 799 manu
1048 732 1197 821 profecta,
1224 731 1294 821 ipse

134 831 267 901 demum
281 831 492 900 emaculatum
506 833 716 921 praestitisset

200 935 330 1004 Libello
343 945 451 1004 nostro
469 935 608 1004 multum
626 937 802 1006 ornamenti
822 947 855 1005 et
875 938 1012 1008 subsidii
1033 936 1218 1027 adjecerant
1234 937 1293 1006 ob·

133 1039 331 1108 sanationes
352 1039 509 1128 quaedam,
535 1040 604 1108 suis
626 1041 662 1107 in
685 1040 763 1108 locis
788 1050 980 1124 memoratas,
1004 1063 1085 1130 quas
1109 1041 1152 1109 ab
1176 1039 1293 1108 Amico

133 1143 327 1232 aoeepimns,
342 1143 475 1232 ingenii,
493 1143 654 1227 doctrina,
670 1167 708 1212 ac
721 1145 850 1213 virtutis
871 1145 957 1214 lema
975 1145 1161 1228 clarissimo,
1177 1144 1293 1214 Oarolo

133 1245 261 1315 Jaoobo
275 1244 457 1314 Blomfield
503 1245 613 1335 Hujus
634 1247 843 1316 eruditionem
867 1257 900 1316 et
922 1249 1113 1338 elegantiam
1132 1270 1198 1315 non
1212 1269 1293 1337 opus

133 1359 186 1416 est
206 1349 319 1416 multis
340 1347 536 1432 collaudare3
563 1351 723 1440 siqnidem
748 1351 901 1440 AEsohyli
926 1352 1064 1421 editione
1089 1350 1223 1421 feliciter
1242 1351 1294 1418 in·

135 1453 262 1534 cheam
284 1453 449 1521 doctorum
470 1455 612 1522 omnium
634 1455 742 1522 oculos
765 1455 951 1546 animosque
970 1457 1004 1522 in
1022 1479 1057 1524 se
1075 1455 1240 1536 convertit,
1260 1464 1294 1522 et

134 1553 268 1644 quantis
296 1578 456 1646 quamque
480 1558 608 1626 eximiis
632 1558 762 1625 dotibus
786 1558 828 1624 ad
854 1557 1086 1647 promovendas
1109 1557 1218 1626 literas
1243 1556 1294 1624 in·

135 1667 278 1726 snucms
292 1659 345 1740 sit,
360 1659 466 1726 adhuc
474 1660 605 1749 juvenis
620 1661 859 1730 demonstravit.

202 1759 255 1829 Ne
269 1772 302 1829 te
316 1761 437 1830 diutius
456 1764 620 1852 praefando
638 1786 749 1846 morer,
771 1765 854 1832 scias
875 1788 927 1832 me
945 1764 1092 1854 ingenua
1111 1763 1293 1854 juventutis

134 1865 314 1934 commodis
327 1865 528 1956 potissimum
542 1867 712 1936 studuisse.
751 1867 966 1950 Quamobrem
980 1869 1064 1936 notis
1078 1869 1159 1938 meis
1172 1869 1293 1958 passim

135 1971 312 2062 interjecta
326 1982 402 2040 suut
418 1973 581 2062 generales
600 1974 748 2063 quaedem
768 1975 888 2064 regula
902 1985 935 2043 et
952 1974 1197 2056 observationes,
1212 1997 1293 2063 quas

135 2077 307 2166 scriptores
330 2076 457 2144 Atticos
480 2077 660 2166 legentibus
683 2079 756 2146 usai
779 2080 845 2148 fore
870 2079 1103 2148 existimabam.
1148 2077 1244 2159 Quod
1264 2078 1293 2144 si

135 2203 213 2270 spes
226 2203 299 2248 mea
312 2203 377 2248 non
396 2181 527 2249 omnino
544 2182 696 2251 frusmsta
714 2184 784 2266 erit,
805 2183 835 2251 si
856 2183 898 2249 ad
921 2183 1106 2252 Graecarum
1129 2182 1293 2250 literarum

135 2281 247 2350 studia
259 2281 431 2350 meando
450 2283 686 2374 aliquantulum
706 2285 878 2368 oontrrlero,
901 2309 953 2354 me
974 2284 1114 2374 quidem,
1137 2293 1293 2374 quantum

135 2385 257 2454 laboris
275 2386 510 2476 insumpserim,
525 2411 691 2479 nunquam
712 2391 894 2479 poenitebit3
917 2401 954 2458 tu
971 2399 1087 2470 autem,
1107 2389 1246 2476 benigne
1262 2396 1295 2456 et

135 2489 262 2559 erudite
276 2489 384 2574 lector,
403 2492 438 2558 in
452 2495 610 2563 erroribus
625 2504 658 2561 et
672 2492 849 2562 defectibus
864 2495 960 2584 hujus
976 2493 1120 2584 opusculi
1134 2492 1293 2576 notandis,

136 2607 270 2664 conatus
283 2605 409 2664 nosnos
424 2598 509 2687 requi
522 2598 662 2688 bonique
676 2599 831 2666 eonsules.

207 2955 293 3026 Cum
316 2957 425 3026 omnia
448 2957 577 3048 quidem
599 2958 774 3052 Hippolyti
797 2959 898 3027 nostri
922 2959 1117 3049 exemplaria
1138 2960 1293 3028 manius

138 3083 237 3151 quam
251 3084 376 3151 sperare
396 3085 492 3129 ausus
509 3085 605 3145 eram,
621 3063 786 3130 divendita
803 3063 877 3144 sint,
896 3085 1023 3151 operam
1038 3083 1113 3130 vero
1136 3085 1239 3130 meam
1258 3065 1293 3130 in

138 3163 297 3254 Euripide
310 3163 502 3253 expoliendo
517 3174 550 3232 et
563 3164 749 3252 corrigendo
768 3164 906 3254 positam
921 3163 999 3232 viris
1019 3162 1214 3231 doctioribus
1228 3187 1294 3231 non

138 3265 309 3356 displicere
329 3266 553 3350 intellexerim,
575 3290 668 3336 novae
688 3267 838 3336 editionis
861 3290 969 3336 curam
990 3267 1126 3356 suscepi.
1161 3267 1293 3336 Retrac-

136 3371 207 3438 tari
235 3369 336 3458 igitur
363 3379 489 3437 textrrm
518 3381 551 3438 et
579 3372 809 3453 annotationes,
840 3393 974 3461 queque
1003 3369 1099 3438 hodie
1124 3370 1294 3440 videantur

137 3471 247 3539 minua
265 3480 352 3540 recte
371 3471 467 3556 dicta,
493 3473 628 3541 correxi:
652 3472 828 3562 quinetiam
854 3473 922 3540 heac
947 3471 1045 3540 editio
1068 3483 1101 3540 et
1123 3474 1295 3542 nostriset

138 3575 276 3644 aliorum
290 3575 494 3664 quibusdam,
510 3599 590 3665 ques
612 3577 655 3644 ad
675 3600 743 3644 rem
764 3577 919 3666 pertinere
937 3575 1124 3665 judicarem,
1144 3579 1293 3646 observa·

136 3678 282 3746 tionibus
304 3688 398 3746 aucta
418 3688 477 3746 est.
519 3677 560 3746 In
575 3681 681 3769 opella
694 3677 900 3760 retractanda,
916 3679 1054 3746 multum
1074 3679 1203 3770 adjutus
1221 3705 1293 3750 sum

136 3779 224 3848 notia
238 3779 432 3871 quibusdam
446 3791 479 3848 et
493 3782 768 3850 emendationibus
782 3782 818 3849 in
832 3781 1058 3871 Hippolytum,
1074 3805 1154 3872 quas
1169 3808 1293 3854 mecum

138 3884 415 3954 communicarunt
427 3884 500 3954 Viri
519 3886 696 3956 doctissimi
716 3883 1001 3975 humenissimique
1015 3885 1131 3956 Petris
1146 3887 1294 3980 Elmsley

138 4001 172 4060 et
193 3988 341 4060 «Iacobus
364 3987 455 4056 Tate.
501 3989 645 4058 Indicam
671 4014 747 4058 vero
770 4013 874 4058 rerum
900 3999 932 4058 et
955 3991 1135 4074 verborum,
1165 4014 1237 4082 qum
1258 3993 1293 4062 in

136 4091 414 4162 Anactetionibna
435 4100 619 4176 nectantur,
640 4092 847 4162 suadentibus
864 4093 1021 4182 juvenum
1043 4105 1222 4166 nostrorum
1244 4097 1294 4164 in-

137 4195 374 4276 icmatonbus,
389 4193 520 4283 subjeci.

208 4361 306 4414 Mn
322 4360 493 4426 maffia,

271 4451 393 4504 namra
407 4453 482 4506 uati.
519 4453 589 4516 1813.
