3234 5176
614 317 876 388 PRAEFATIO.
1248 341 1322 410 217

166 488 273 546 tamen
286 477 381 546 focile
395 487 445 545 est
462 478 638 567 perspicere
653 477 788 576 Codices
802 478 876 545 illos
891 501 1000 546 omnes
1014 502 1057 547 ex
1071 501 1135 547 uno
1150 481 1323 571 archetypo

165 582 339 670 codemque
361 581 514 648 mendoso
532 581 707 648 devenisse.
752 581 885 648 Etenim
902 582 936 647 in
951 583 1029 648 locis
1044 593 1110 648 tam
1125 583 1324 674 interpolatis

164 707 261 771 quam
277 684 433 773 corruptis
446 683 632 772 plerumque
647 683 763 750 mirum
778 683 812 748 in
832 684 964 750 modum
979 685 1061 750 inter
1072 709 1106 752 se
1120 689 1321 757 conveniunt.

166 773 263 854 Casu*
278 787 378 874 igitur
398 787 485 853 felici
507 786 623 867 evenit,
650 795 688 852 nt
710 786 807 853 verbe
829 785 958 874 Tragici
982 787 1123 874 gmuina
1147 790 1213 856 sint
1238 791 1324 880 apud

165 891 334 978 scriptores
353 900 487 970 servate,
503 890 559 977 qni
579 889 752 957 sententies
771 888 963 977 Euripideas
981 890 1015 955 in
1035 913 1108 958 suos
1128 915 1206 960 usus
1220 905 1323 961 verte·

166 1003 249 1060 runt
294 993 397 1082 Cujus
418 993 464 1060 rei
486 992 660 1082 specimina
679 992 742 1058 duc
761 991 815 1058 hic
833 991 998 1080 proferam,
1019 1015 1082 1080 quo
1099 995 1214 1061 melius
1229 996 1323 1063 intel-

166 1095 226 1182 ligi
249 1095 362 1185 possit,
388 1095 468 1184 quid
493 1103 525 1161 et
547 1094 706 1182 quomodo
727 1093 882 1182 Tragioue
909 1095 1004 1160 fucrit
1025 1097 1067 1162 ab
1094 1097 1322 1186 Interpclstore

166 1221 289 1288 passus.
334 1199 375 1265 In
398 1223 430 1265 r.
454 1199 528 1266 301.
553 1221 663 1264 ornnes
688 1196 823 1264 Codices
848 1197 1110 1284 exhibentsstvtp
1135 1211 1186 1283 γὰρ
1210 1211 1323 1285 αἰσχρὸν

165 1311 276 1366 aldrice
302 1312 334 1367 οὗ
361 1314 455 1383 pelei:
486 1311 519 1368 ei
544 1301 579 1368 ln
601 1324 641 1388 V..
657 1301 731 1367 329.
762 1311 967 1383 Συσσωφρονεῖν
992 1311 1037 1366 ool
1058 1311 1179 1383 βούλομ’,
1204 1313 1265 1370 ἀλλ’
1291 1311 1322 1370 c'd

166 1417 316 1472 συννυσεῖυ.
361 1405 409 1472 At
432 1405 466 1470 in
490 1403 587 1493 priori
611 1404 680 1470 loco
709 1403 856 1472 Stobaeus
879 1405 1019 1470 seruerit
1041 1414 1106 1490 ἀνὴρ
1128 1417 1180 1490 γὰρ
1204 1420 1322 1490 marte

167 1517 297 1574 αἰδεῖσθαι
317 1519 409 1590 pehti:
441 1519 473 1574 et
496 1509 535 1584 ln,
551 1508 715 1596 posteriori
739 1506 931 1574 Plutarchus
954 1521 1159 1591 Συσσωφρονεῖν
1177 1521 1238 1595 γὰρ,
1261 1523 1323 1594 οὐχὶ

167 1623 312 1684 συννοσεῖν,
329 1621 406 1694 ἔφυν.
452 1609 546 1678 Petet
571 1610 669 1698 igitur
687 1609 722 1674 in
739 1611 882 1698 utrisque
901 1633 994 1676 sumn
1017 1611 1137 1678 seilicet
1156 1611 1320 1701 ingenium

167 1713 345 1780 exercuisse
365 1713 639 1801 Interpolctorcm,
660 1722 696 1778 ut
715 1723 748 1778 ct
762 1712 952 1780 senteutiam
966 1725 998 1780 ct
1012 1714 1165 1802 syntaxin
1179 1715 1322 1782 redderet

166 1817 338 1904 planiorem
360 1839 418 1882 nec
438 1826 545 1882 tamen
567 1815 729 1903 perspexit
747 1815 860 1882 foetum
875 1838 969 1882 suum
987 1816 1053 1882 fore
1072 1816 1247 1884 indicatum
1264 1818 1322 1885 eli-

165 1921 262 2001 sione,
275 1919 405 2007 Tragici
419 1931 529 1986 eontra
542 1942 671 1999 morem,
683 1918 877 2006 diphthongi
891 1949 927 1986 συ.
961 1918 1045 1988 Sunt
1059 1929 1092 1986 et
1106 1921 1170 1987 aliu
1183 1921 1322 2009 plurima

165 2021 245 2104 loco,
269 2046 342 2111 quse
371 2045 421 2088 ars
447 2022 557 2090 critica
580 2022 677 2110 juxta
701 2021 828 2108 regulas
856 2032 923 2088 tem
952 2022 1072 2110 linguae
1100 2046 1198 2111 quem
1227 2027 1320 2092 metri

164 2126 314 2192 restitnit.
358 2125 495 2193 Restant
516 2135 624 2192 tumen
643 2124 807 2206 nonnulle,
828 2123 866 2190 dc
884 2125 1001 2214 quibus
1016 2135 1065 2192 est
1079 2126 1319 2214 desperandum,
1425 2200 1430 2208 ,

165 2227 201 2292 ln
214 2249 269 2294 W.
285 2229 360 2294 257.
383 2239 455 2292 οὕτω
471 2217 579 2292 mulsei
594 2236 655 2292 illos
668 2234 695 2291 π’
711 2235 772 2310 lyd.
809 2228 883 2294 561.
908 2235 961 2290 Οὐκ
980 2230 1029 2290 cid'
1043 2234 1060 2291 ὅ
1075 2257 1101 2292 τι
1115 2237 1177 2307 φὴς,
1192 2238 1239 2293 οὐκ
1253 2233 1319 2304 olea,

163 2335 272 2410 ᾡῡιτνιν·Ι
287 2337 354 2408 ἐμοὶ.
368 2339 461 2410 πάτερ.
505 2330 581 2396 574.
605 2337 651 2394 Eis
665 2337 768 2402 ταύτὸν,
791 2332 814 2392 oi
833 2333 955 2411 θίγατνρ,
971 2334 1007 2392 cri
1027 2331 1052 2392 d
1075 2335 1145 2408 ἥκεις
1163 2342 1203 2415 σῷ
1226 2341 1318 2413 rurpl:

164 2431 233 2512 nbi,
263 2441 389 2499 textum
412 2431 581 2519 vulgatum
606 2441 730 2497 mutare
758 2453 823 2497 non
852 2453 959 2512 cuens,
990 2429 1024 2496 in
1053 2433 1197 2520 margine
1222 2433 1321 2502 rerba

164 2535 268 2624 posui,
289 2557 363 2623 quae
383 2533 464 2599 mihi
485 2534 557 2601 visa
578 2544 653 2600 sunt
674 2543 707 2600 ct
727 2533 834 2600 sensui
856 2545 941 2622 apta,
961 2535 1019 2600 nec
1041 2532 1171 2623 Tragici
1193 2560 1212 2602 u
1233 2560 1320 2605 more

164 2637 279 2704 aliene.
885 2632 888 2642 ¹

230 2739 326 2806 Hanc
347 2749 454 2807 autem
476 2738 619 2806 fabulam
642 2763 712 2807 esse
732 2738 953 2828 interpolatam
974 2752 1007 2807 et
1022 2739 1227 2808 Hermannus
1242 2742 1319 2809 olim

163 2855 320 2924 senseret3
352 2844 409 2932 qui
433 2843 468 2910 in
490 2842 651 2910 Element.
676 2843 818 2910 Doctrin.
844 2842 968 2909 Metric.
992 2842 1041 2910 ed.
1066 2847 1097 2910 2.
1124 2853 1236 2926 totum,
1262 2847 1319 2935 qui

163 2947 291 3028 dicitnr,
314 2945 473 3014 Parodnm
496 2947 531 3012 in
553 2970 585 3013 r.
603 2949 677 3014 160.
700 2957 733 3014 et
755 2969 824 3036 sqq.
845 2969 902 3034 pro
924 2945 1031 3032 spurio
1051 2947 1168 3034 rejecit.
1211 2947 1319 3015 Abeo

163 3059 272 3118 tamen
286 3061 416 3118 eatenus
431 3051 592 3132 dissentio,
613 3060 650 3116 nt
671 3052 808 3139 primum
830 3048 1001 3137 Strophsm
1023 3058 1056 3114 ct
1074 3048 1319 3137 Antistropham

163 3177 231 3220 una
244 3176 317 3220 curn
331 3152 445 3242 Epodo
459 3175 517 3242 pro
531 3153 680 3240 genuinis
695 3153 830 3220 habeam
845 3174 926 3240 ques
945 3161 977 3218 et
994 3151 1062 3238 ipse
1078 3149 1189 3218 Herm.
1212 3153 1246 3217 in
1261 3175 1320 3220 sua

163 3257 304 3324 editione
331 3258 463 3326 hebet-
484 3258 525 3323 In
554 3258 594 3323 iis
622 3257 708 3324 enim
736 3256 844 3323 omnia
872 3255 992 3344 reperio
1021 3265 1055 3322 ct
1084 3256 1257 3323 sententies
1286 3269 1319 3324 et

162 3361 322 3450 spiritum,
345 3383 469 3428 necnon
491 3359 635 3448 linguam
661 3368 693 3426 et
718 3371 819 3426 metro
843 3359 1010 3447 Euripidis
1039 3359 1227 3441 redolentiu3
1261 3363 1319 3429 ubi

162 3463 305 3531 foeminre
320 3463 558 3543 Chalcidenses,
575 3486 648 3551 quer
666 3473 753 3529 trans
768 3461 927 3550 Euripum
942 3473 1103 3542 venerant,
1123 3475 1319 3530 armamenta

162 3566 350 3634 Graecorum
369 3567 494 3634 risendi
515 3589 619 3648 cansa,
642 3577 814 3646 recensent,
830 3566 916 3654 quod
935 3565 1082 3654 perluit,
1103 3567 1318 3654 spectaculum

161 3670 264 3736 oculis
294 3669 426 3738 obvium
456 3693 598 3736 sermone
626 3669 668 3736 cd
696 3692 763 3736 rem
789 3670 929 3736 maxims
952 3669 1075 3736 idoneo.
1133 3668 1255 3737 Verum
1278 3671 1319 3738 de

161 3775 323 3854 omnibns,
339 3795 411 3862 qnae
426 3783 609 3862 sequuntur,
625 3771 688 3838 clia
702 3795 830 3861 prorsus
845 3773 967 3852 sentio;
990 3795 1093 3860 neque
1108 3772 1209 3840 dicere
1225 3797 1318 3861 queo,

161 3879 251 3967 qnod
270 3877 356 3944 dixit
373 3875 587 3957 Hermannus,
610 3899 648 3942 ec
667 3876 831 3964 scripsisse
853 3885 979 3963 poetcm
1001 3875 1220 3957 recentiorem
1242 3900 1318 3950 nam

161 3981 204 4048 sd
226 4003 334 4047 mcum
360 3978 489 4067 quidem
515 4001 642 4044 sensum
665 3978 728 4044 ista
749 3987 824 4043 sunt
845 3977 1084 4066 interpolatoris
1106 3977 1202 4044 foetus
1220 3979 1318 4046 auda·

162 4082 299 4162 cissirni;
322 4082 390 4170 qui,
413 4081 544 4147 minime
559 4090 652 4168 poete
671 4079 886 4168 cujuscunque
908 4079 1023 4167 gentis,
1046 4080 1162 4148 nedum
1188 4081 1317 4159 Atticoe,

160 4185 292 4272 ingenio
314 4183 433 4271 pariter
454 4194 486 4250 et
509 4205 605 4249 sensu
629 4205 752 4270 expers,
777 4181 902 4249 Parodo
924 4207 1033 4252 revera
1059 4183 1234 4272 Euripideo
1259 4204 1318 4248 sua

162 4288 278 4354 melico
304 4285 492 4374 subjunxit3
526 4285 583 4352 ubi
611 4285 694 4352 nihil
717 4286 806 4352 aliud
831 4286 915 4366 fecit,
942 4309 1039 4374 quem
1063 4295 1099 4352 ut
1125 4285 1316 4370 Catalogum

162 4391 315 4457 conflaret
329 4389 447 4456 ducum
461 4389 655 4476 Argivorum
673 4413 715 4456 ex
733 4389 903 4456 Homerico
923 4389 1083 4468 haustum,
1108 4397 1141 4454 et
1162 4385 1232 4452 sinc
1250 4393 1318 4449 crte

161 4493 297 4580 poetica,
313 4490 441 4580 qualem
460 4491 542 4557 inter
561 4475 736 4580 Euripides
750 4491 857 4556 videre
872 4500 929 4571 cst,
945 4513 994 4556 res
1009 4497 1157 4567 narraret,
1172 4485 1317 4553 versibus

1197 4613 1235 4672 28
