3198 5178
839 337 879 412 vi

278 543 398 644 operis
431 548 559 618 auctor
593 549 631 617 et
664 539 907 616 architectus!
977 537 1072 614 Silet
1101 537 1259 614 facundo
1289 537 1426 639 lingua,

277 678 352 754 fida
369 684 492 778 torpet
509 677 671 754 dextera.
727 675 936 775 Supersunt
952 681 1078 750 tamen
1101 672 1266 750 haerodes
1283 674 1347 774 qui
1363 673 1431 748 has

276 812 417 912 gratias
444 819 483 888 et
509 811 635 888 deberi
665 818 869 911 agnoscant
895 817 934 887 et
959 809 1104 887 debitas
1128 817 1253 911 agant.
1312 808 1431 885 Filius

277 973 410 1047 nempe
436 947 564 1022 unicus
591 944 699 1022 duxit
724 943 875 1045 pictatis
900 971 980 1021 esse
1005 971 1081 1020 suae
1103 943 1220 1045 patris
1245 943 1431 1019 voluntati

277 1075 415 1180 parere,
442 1080 632 1180 inceptum
656 1079 847 1180 perficere;
874 1079 945 1154 hoc
970 1079 1070 1155 enim
1096 1077 1197 1155 edito
1223 1103 1331 1178 opere
1357 1104 1431 1154 crc—

278 1214 375 1292 didit
404 1241 442 1291 se
468 1222 751 1291 monumentum
778 1213 832 1288 illi
862 1212 1097 1313 aptissimum
1126 1221 1240 1312 atque
1269 1211 1431 1312 gratissi-

278 1373 382 1422 mum
415 1348 493 1424 fore
523 1353 748 1423 exacturum.
813 1345 1065 1439 Quamobrem
1097 1346 1317 1447 prooemium
1347 1372 1432 1421 nos-

276 1489 377 1558 trum
407 1481 570 1559 breviter
599 1489 638 1558 et
668 1481 883 1558 summatim
924 1482 981 1582 (ut
1014 1481 1108 1558 solet
1142 1471 1190 1557 in'
1215 1480 1428 1582 epitaphiis)

278 1623 361 1690 acta
377 1613 476 1690 illius
493 1625 532 1690 et
548 1615 682 1690 merita
698 1614 851 1690 referat:

352 1747 381 1824 J
383 1771 519 1824 neonus
544 1748 742 1824 Hmuucus
765 1721 897 1843 Maru,
926 1751 1087 1851 ingenuo
1103 1751 1184 1827 loco
1201 1757 1320 1844 natus,
1344 1775 1433 1849 pue·

277 1881 363 1958 ritis
385 1883 547 1982 primum
569 1882 607 1957 in
625 1881 751 1958 schola
773 1883 814 1958 N
816 1882 996 1960 orvicensi
1019 1883 1105 1959 dein
1128 1882 1269 1960 aedibus
1286 1884 1325 1959 in
1343 1883 1433 1961 Oar-

277 2015 461 2092 thusianis
484 2023 577 2110 acta,
605 2042 703 2092 anno
727 2026 883 2092 unccomo
903 2017 952 2093 ad
972 2016 1221 2093 Academiam
1239 2016 1434 2095 Cantabri·

277 2149 443 2250 mensem
478 2151 639 2244 accessit,
665 2149 790 2251 ibique
823 2151 922 2228 inter
954 2153 1146 2246 scholares,
1183 2178 1272 2227 mox
1305 2159 1433 2228 autem

278 2283 376 2359 inter
402 2283 519 2359 socios
548 2283 706 2384 collegii
736 2284 805 2360 SS.
831 2284 1024 2362 Trinitatis
1053 2286 1200 2380 clectus,
1233 2293 1434 2386 utrumque

277 2417 456 2494 honorem
490 2444 588 2494 anno
623 2443 689 2494 suo
725 2427 763 2495 et
796 2419 918 2518 prima
957 2420 1137 2520 petitione
1171 2419 1329 2518 adeptus
1362 2427 1430 2497 est.

278 2552 429 2628 interea
454 2553 571 2628 literis
596 2551 736 2630 Graecis
760 2561 799 2629 ct
825 2553 973 2629 Latinis
997 2553 1178 2653 praecipue
1201 2553 1357 2642 deditus,
1383 2552 1434 2630 ad

278 2714 464 2764 summum
499 2688 615 2764 altero
646 2689 879 2790 praemiorum
911 2715 935 2765 a
968 2689 1195 2767 Oancellario
1225 2687 1431 2788 proposito·

279 2847 361 2897 rum
387 2821 563 2923 dignatus
588 2827 676 2899 erat.

206 2994 215 3008 ·
355 2955 513 3051 Deinde,
533 2957 665 3058 quinto
682 2957 804 3032 aetatis
821 2983 897 3032 suaa
913 2956 1031 3032 lustro
1048 2957 1216 3033 nondum
1234 2956 1427 3057 completo,

278 3089 433 3167 idoneus
465 3117 542 3192 prae
576 3091 706 3167 ceteris
740 3091 889 3166 habitus
919 3091 983 3190 qui
1010 3091 1049 3166 in
1079 3091 1201 3167 locum
1231 3097 1270 3168 et
1295 3115 1433 3167 munus

278 3223 430 3300 Ricardi
448 3224 590 3300 Porson
612 3224 709 3299 tanti
727 3222 796 3297 viri
815 3222 1036 3318 succederet,
1057 3223 1268 3302 Literarum
1286 3225 1432 3302 Graeca·

278 3383 360 3432 mm
387 3356 577 3432 Professor
603 3357 744 3432 cunctis
773 3357 957 3458 suffragiis
990 3358 1204 3437 declaratur.
1255 3359 1359 3453 Quas
1384 3385 1433 3436 ne

279 3490 423 3566 saberet
445 3517 529 3590 spes
554 3518 597 3567 ac
619 3491 802 3582 fiduciam,
819 3519 886 3592 per
903 3493 1181 3593 quatuordecim
1198 3519 1314 3568 annos
1334 3494 1433 3568 intra

278 3625 526 3702 Academiam
542 3626 690 3704 assidue
713 3633 892 3717 versatus,
910 3653 1094 3702 summam
1118 3627 1158 3702 in
1181 3626 1347 3704 docendo
1367 3627 1433 3702 ad-

278 3759 431 3836 hibebat
447 3760 689 3861 diligentiam,
709 3761 966 3861 injudicando
982 3761 1207 3860 aequitatem,
1228 3749 1268 3836 iri
1291 3759 1435 3836 caeteris

280 3894 505 3995 quibuslibet
523 3897 651 3973 officiis
668 3897 990 3974 mansuetudinem
1007 3897 1318 3996 gravitatemque.

356 4030 484 4123 Quum
509 4057 597 4107 vcro
631 4031 671 4107 in
705 4030 879 4131 palaestra
905 4029 1135 4106 Academica
1161 4027 1277 4105 nollet
1301 4029 1434 4104 huma—

278 4164 399 4240 niores
418 4163 543 4240 minus
559 4164 682 4241 valere
699 4164 834 4259 literas,
854 4165 943 4265 ipse,
964 4163 1097 4264 siquis
1116 4163 1221 4254 alius,
1245 4161 1433 4240 hortando

279 4298 544 4376 commonendo
578 4299 698 4376 effecit
738 4299 890 4375 tandem
930 4308 973 4375 ut
1014 4325 1060 4374 ex
1100 4296 1433 4374 Senatusconsulto

279 4458 445 4508 annuum
479 4439 664 4508 certamen
691 4432 946 4508 institueretur
953 4461 963 4522 ;
994 4431 1094 4508 idem
1121 4433 1293 4508 instituto
1321 4431 1433 4506 ratio-

278 4594 365 4644 nem
392 4565 630 4668 ordinemque
656 4567 886 4667 praescripsit.
