3234 5176
623 339 883 436 PRAEFATIQ.
1257 363 1328 432 221

240 509 337 592 Quod
361 510 404 577 ed
436 509 608 578 Editorum
638 509 892 599 criticorumque
920 509 1045 578 lsbores
1075 511 1198 594 attinet,
1227 513 1333 601 legem
1388 549 1394 560 ·

174 613 257 680 mihi
283 615 369 682 banc
391 613 539 704 imposui,
558 621 596 681 ut
617 615 658 695 ei,
684 613 742 701 qui
765 613 887 702 primus
912 615 1047 702 protulit
1071 615 1160 702 quid,
1181 614 1334 682 mendose

174 718 365 786 emendmdi
380 719 435 785 vel
453 716 595 786 difficilia
613 716 797 806 explicandi
816 739 921 798 cause,
942 716 1080 799 landem,
1100 741 1197 808 quum
1217 721 1333 786 meruit

174 821 307 889 sortasse
323 833 361 890 et
380 822 470 904 ulter,
490 821 640 888 tribuam.
684 819 792 902 Quum
806 842 882 888 vero
896 819 1005 887 nullus
1024 819 1089 888 lere
1109 821 1149 888 de
1163 845 1197 888 re
1212 822 1333 890 Oritica

175 925 258 991 liber
273 925 355 992 inter
368 925 542 993 novissime
556 923 658 991 editos
678 923 760 989 mibi
780 923 815 988 in
833 945 946 1016 manus
960 925 1058 1006 vonit,
1074 935 1189 1013 preter
1202 926 1332 994 Dobraei

176 1028 372 1095 Adversaris
392 1040 425 1096 et
448 1028 599 1095 Museum
618 1026 855 1114 Philologicum
879 1025 1152 1114 Centobrigiense,
1172 1028 1230 1095 ubi
1252 1052 1333 1096 non·

177 1131 269 1198 nulle
286 1133 404 1198 eximio
418 1133 544 1222 scripsit
557 1131 592 1199 J.
608 1130 893 1212 Wordsworthius,
908 1130 974 1198 foto
991 1141 1180 1220 proematuro
1195 1143 1331 1221 ereptus,

176 1235 247 1300 fieri
265 1245 380 1323 potest,
400 1243 439 1302 ut
460 1235 564 1322 legem
586 1234 655 1323 ipso
679 1255 784 1300 meam
804 1233 926 1300 violare
944 1233 1034 1300 visus
1056 1233 1127 1316 sim,
1145 1244 1178 1302 et
1195 1245 1232 1302 ut
1250 1237 1331 1302 mibi

177 1338 328 1418 tribuum,
343 1361 415 1426 qure
429 1337 522 1406 elteri
536 1336 663 1404 cuidem
678 1359 787 1404 revera
801 1335 984 1404 debeantur.

243 1439 336 1506 Licet
360 1451 469 1508 sutem
495 1439 576 1506 mihi
598 1438 661 1504 sim
688 1437 835 1504 conscius
861 1439 896 1503 in
921 1438 982 1505 hoc
1011 1439 1093 1506 libro
1118 1438 1206 1506 haud
1231 1463 1333 1528 peuce

176 1543 317 1630 reperiri,
335 1565 407 1630 qum
429 1543 527 1610 lector
542 1541 685 1609 eruditus
703 1541 786 1608 inter
806 1563 924 1608 errores
946 1551 978 1608 et
999 1540 1140 1607 deiectus
1161 1553 1330 1624 recenseat,

175 1645 295 1732 quibus
324 1647 479 1733 originem
501 1645 556 1711 det
576 1666 705 1712 necesse
729 1654 779 1711 est
807 1643 984 1710 studiorum
1006 1643 1196 1710 Criticorum
1219 1645 1332 1714 desue-

176 1747 266 1828 tudo,
286 1768 378 1836 spero
395 1758 503 1815 temen
521 1747 556 1814 iu
572 1769 610 1814 eo
630 1747 734 1814 inesse
753 1746 918 1830 nonnulla,
934 1768 1006 1834 quae
1024 1769 1128 1834 neque
1142 1747 1330 1836 Euripidem

176 1852 284 1939 ipsum
309 1875 411 1939 neque
435 1851 588 1919 cultorem
613 1850 682 1938 ejus
705 1849 887 1917 dedeceant
942 1849 1016 1916 Hac
1042 1873 1099 1938 spe
1124 1873 1189 1918 non
1211 1851 1281 1918 falli
1302 1855 1330 1920 si

176 1954 268 2021 visus
281 1955 380 2036 suero,
395 1965 428 2022 et
442 1977 560 2023 errores
574 1965 608 2021 ot
621 1953 762 2021 defectus
776 1952 904 2019 veniam
921 1951 1007 2042 apud
1025 1953 1190 2020 Lectorem
1204 1977 1331 2043 aequum

175 2065 210 2126 et
224 2059 414 2134 benevolum
429 2058 658 2147 impetrabunt3
681 2057 732 2124 sin
751 2057 852 2139 nliter,
868 2080 932 2124 non
955 2057 1147 2125 intercedam
1161 2060 1240 2148 quin
1262 2062 1332 2130 h'aeo

176 2183 249 2228 mea
263 2162 383 2249 scriptu
396 2161 552 2228 oblivioni
565 2159 731 2226 nodantur
745 2159 936 2249 tranquille.
1074 2201 1077 2208 ·

243 2261 281 2330 P.
292 2263 328 2331 S.
373 2261 590 2344 Editionibus,
611 2285 683 2350 quur
701 2285 803 2330 meam
826 2273 1061 2350 praeeessemnt,
1082 2264 1157 2330 eddi
1175 2265 1269 2333 debet
1283 2289 1330 2347 eo,

149 2434 155 2448 ¹
174 2387 273 2452 quem
286 2365 477 2454 Hortungus
490 2365 639 2453 vulgavit
651 2365 814 2453 Erlnngae,
827 2367 923 2434 1837.
943 2365 983 2432 de
998 2387 1063 2453 qua
1076 2367 1155 2455 quid
1169 2371 1330 2450 senserim,

175 2467 319 2534 indicavi
333 2469 426 2550 olim,
448 2479 481 2537 et
503 2470 557 2536 hic
576 2480 727 2558 repetem,
751 2491 814 2557 quo
834 2468 949 2536 melius
968 2491 1116 2536 curteum
1134 2471 1330 2560 neglexerim

175 2569 385 2658 intelligatur.
430 2569 555 2640 Textus
569 2595 607 2640 eo
625 2572 785 2661 specimen
798 2571 931 2639 exhibet
944 2581 1034 2639 toute
1047 2571 1082 2638 vi
1096 2575 1214 2656 vexati,
1230 2599 1332 2663 qusn-

175 2673 294 2739 tamin
309 2673 434 2740 nullum
449 2675 642 2764 scriptorem,
663 2675 750 2764 quod
771 2675 879 2756 scium,
899 2675 1015 2742 Editor
1029 2676 1082 2743 vel
1102 2677 1331 2747 nndncissimus

176 2775 292 2844 inferre
314 2777 358 2843 sit
378 2800 484 2844 ausus.
530 2777 583 2844 Ibi
604 2778 689 2844 enim
711 2798 822 2843 versus
844 2776 883 2843 de
905 2775 979 2843 sede
1000 2777 1035 2843 iu
1061 2779 1179 2861 sedern,
1192 2801 1331 2848 'sursum

175 2878 399 2968 deorsumque,
417 2881 459 2947 ud
475 2881 604 2948 libitum
619 2891 876 2968 transponuntur.
921 2878 1099 2946 Hermsnni
1117 2904 1243 2972 quoque
1258 2907 1333 2952 oon-

171 2982 315 3070 jecturas
330 2984 427 3050 etium
441 2983 581 3051 monime
591 2984 748 3051 violentes
762 2993 794 3050 et
808 2982 939 3048 minime
951 2982 1018 3076 ueri
1030 2983 1150 3049 similes
1164 2987 1332 3074 amplexus

176 3093 242 3163 est3
264 3085 369 3172 iisqne
380 3085 508 3152 eddidit
522 3108 606 3167 sues,
621 3108 661 3152 ne
680 3085 742 3174 ipsi
762 3084 901 3173 quidem,
921 3082 970 3148 uti
983 3105 1084 3171 spero,
1099 3106 1184 3150 nunc
1197 3087 1332 3174 placitu·

175 3209 249 3268 rss3
272 3199 305 3254 et
320 3188 376 3254 ille
390 3187 459 3270 Vir,
477 3190 529 3256 cui
549 3189 732 3277 scrupulum
752 3187 878 3254 nullum
895 3187 1045 3275 injecerat
1064 3188 1152 3254 istud
1166 3191 1332 3260 tristichon

175 3301 252 3378 post
269 3313 303 3356 v.
319 3291 397 3358 653.
412 3291 574 3373 insertum,
590 3291 760 3380 proscribit
781 3290 942 3358 distichon
957 3291 991 3356 in
1006 3292 1124 3358 664-5.
1140 3304 1172 3359 et
1194 3297 1331 3362 tetrasti-

175 3391 262 3458 chon
273 3393 309 3458 in
320 3393 438 3460 822-5.
449 3415 515 3460 uno
528 3417 600 3461 oum
613 3393 686 3460 aliis
700 3393 846 3462 versibus
860 3417 925 3461 non
940 3395 1060 3483 paucis,
1073 3395 1235 3483 inquibus
1249 3399 1332 3465 nihil

176 3495 247 3583 ipse
260 3495 397 3584 reperire
412 3519 492 3583 queo
506 3497 570 3562 nisi
583 3495 774 3564 lineamento
788 3496 953 3586 Euripidis
967 3508 1001 3564 et
1013 3508 1150 3566 mentem
1165 3510 1197 3567 et
1211 3502 1333 3590 stylum

176 3621 244 3687 prae
262 3598 453 3666 referentis
491 3598 578 3678 Quid
591 3621 666 3666 vero
681 3597 888 3687 Hortungum
902 3600 944 3666 ud
962 3600 1046 3668 hunc
1059 3603 1242 3672 methodum
1259 3605 1333 3674 libri

176 3701 295 3769 edendi
317 3701 489 3790 impulerit,
506 3725 559 3768 me
580 3701 700 3768 nescire
717 3700 832 3782 fateor3
859 3705 1063 3790 nequeenim
1084 3706 1141 3771 otii
1159 3708 1236 3774 satis
1256 3710 1333 3778 olim

178 3805 279 3870 habui
301 3827 406 3892 neque
426 3826 512 3870 nune
528 3803 631 3870 habeo
650 3803 692 3869 ud
713 3804 791 3891 ejus¹
803 3803 1036 3889 Praefetionem,
1058 3828 1130 3893 quae
1144 3807 1186 3874 ad
1199 3812 1334 3898 paginas

177 3915 307 3976 eentum
337 3907 486 3988 excurrit,
523 3907 758 3995 perlegendum.
816 3907 902 3976 Mihi
937 3909 1077 3998 quidem,
1109 3911 1188 3999 quid
1216 3915 1332 3999 fecerit,

178 4011 296 4076 sufficit
310 4011 405 4090 scire3
427 4019 460 4076 et
474 4033 491 4076 e
513 4009 606 4076 fectis
624 4009 772 4098 colligere
786 4011 883 4093 vim,
899 4035 995 4100 quum
1014 4012 1096 4094 iniit,
1112 4015 1154 4081 ud
1167 4018 1333 4086 veritatem

176 4114 238 4180 vix
251 4113 435 4202 quempiam
453 4136 522 4180 esse
544 4114 719 4195 ducturum,
740 4113 832 4181 laetus
854 4126 961 4182 tumen
980 4115 1074 4183 video
1096 4118 1232 4186 eundem
1253 4122 1333 4188 mihi

176 4239 251 4284 mea
271 4215 473 4304 praerlpulsse
495 4215 530 4283 ln
550 4239 581 4283 v.
609 4217 703 4283 1047.
734 4225 913 4300 προσόρισιις.
957 4241 990 4286 V.
1016 4220 1110 4286 1258.
1137 4231 1275 4302 διαβληθῇ.
1302 4235 1334 4290 el

177 4318 383 4408 aliquetenus
404 4319 440 4384 in
460 4341 492 4386 v.
508 4321 582 4387 919.
605 4328 655 4384 ml
673 4327 705 4397 tl
719 4330 750 4384 rt
769 4331 866 4402 χρῇζον
880 4329 985 4388 ἐπίθετ’.
1030 4321 1160 4390 Etenim
1180 4347 1335 4393 consensu

178 4419 241 4488 teli
253 4421 503 4510 conjectursmm
518 4421 636 4492 veritos
649 4443 714 4488 non
728 4444 840 4509 parurn
855 4423 1094 4494 demonstratu.
