3198 5178
584 332 847 402 PRAEFATIO.
1250 355 1297 401 xv

128 521 347 590 inaudivisret
368 522 490 590 amiens
511 531 620 590 noster
640 519 952 601 desideratissimus
964 519 1125 588 Jonuuns
1146 519 1296 590 Wouns·

130 645 274 710 woltun,
303 622 401 694 AM.
431 626 571 715 collegii
602 625 664 694 SS.
694 624 864 692 Trinitatis
898 623 985 713 apud
1015 623 1296 711 cantabrigienses

131 728 262 812 Serius,
284 753 412 798 ornnem
433 729 585 812 laborem,
609 729 666 818 qni
691 729 778 818 operi
803 727 1014 817 imprimendo
1037 727 1150 795 suisset
1171 729 1297 816 impen-

130 831 271 914 dendae,
287 833 515 901 officiosissime
531 833 566 898 in
581 854 615 899 se
629 831 763 919 recepit;
786 841 819 898 et
838 831 873 896 in
887 854 924 898 eo
939 829 1144 912 absolvendo,
1163 831 1233 920 jam
1252 830 1295 898 ad

128 957 265 1003 versum
280 937 345 1003 350
360 946 563 1025 processerat,
585 958 686 1025 quum
708 934 808 1002 eheu!
840 932 1042 1000 acerbissimo
1056 935 1212 1000 bonorum
1227 956 1295 999 om·

128 1038 227 1105 nium
242 1047 274 1106 et
288 1039 483 1106 eruditorum
499 1038 614 1120 dolore,
631 1037 761 1106 florente
775 1037 881 1104 adhue
900 1045 1006 1119 aetete,
1029 1037 1126 1104 rebus
1144 1038 1294 1104 humanis

129 1149 187 1207 est
207 1142 353 1231 ereptus!
397 1141 448 1208 De
468 1165 531 1230 quo
550 1141 820 1210 excellentissimo
835 1141 904 1208 viro
919 1164 1042 1230 nequeo
1057 1163 1122 1208 non
1143 1141 1316 1229 profiteri,'

129 1253 246 1312 nostra
256 1246 410 1313 memorie
423 1246 570 1314 extitisse
585 1246 756 1328 neminem,
768 1244 824 1333 qui
834 1245 1037 1333 antiquarum
1051 1244 1214 1311 literarum
1229 1244 1296 1311 ein·

129 1369 241 1414 eoram
260 1348 427 1415 seientiam
442 1349 599 1416 efficacius
618 1358 726 1438 posset
744 1371 938 1438 promovere,
961 1347 1120 1414 neminem
1144 1347 1184 1414 de
1202 1347 1294 1436 eujus

129 1451 169 1516 in
189 1473 225 1518 re
246 1451 357 1518 critica
378 1452 530 1520 felicitate
552 1453 701 1540 augurari
724 1451 834 1520 liceret
857 1451 1078 1518 confidentius.
1123 1449 1237 1540 Neque
1258 1451 1294 1519 id

129 1553 265 1622 silentio
279 1556 544 1644 praetermiserim,
559 1556 660 1622 indoli
675 1557 744 1646 ejus
759 1565 791 1624 et
806 1555 957 1623 doetrinae
975 1555 1176 1644 respondisse
1189 1577 1293 1624 mores

129 1669 167 1726 et
180 1659 346 1748 pietatem.

200 1760 282 1829 Post
299 1762 401 1829 fetum
416 1762 495 1851 ejus,
518 1761 614 1828 frater
633 1759 885 1851 Christophorus
905 1758 1141 1842 Wordsworth,
1159 1758 1291 1842 S.T.P.,

130 1859 237 1930 deeris
252 1873 286 1931 et
300 1864 502 1952 elegentibus
521 1863 648 1953 seriptis
669 1864 865 1946 notissimus,
886 1864 943 1952 qui
961 1887 1086 1930 summa
1105 1886 1178 1930 cum
1197 1863 1292 1931 leude

131 1967 263 2038 Scholae
277 1967 488 2035 Herroviensi
502 1975 626 2057 praeest,
646 1967 745 2035 telem
762 1989 859 2057 quam
873 1968 902 2035 is
916 1990 1048 2036 exorsus
1063 1979 1121 2050 est,
1142 1990 1215 2035 eum
1229 1966 1292 2034 fide

130 2082 164 2139 et
178 2071 350 2160 diligentia
363 2073 532 2162 pertexuit.
578 2070 670 2140 Vale.
