3234 5176
312 334 385 403 214
691 317 698 330 ·
753 261 1015 384 presumo.

309 484 489 554 Ἁλευόνες,α1
509 487 571 561 παρ’
584 487 685 546 citeriora
707 488 844 560 θαλάσσης
864 489 969 560 ripum
989 487 1167 574 crcpv‘iiare,
1188 490 1334 566 Τίγγοιισαι
1356 494 1465 563 νοτερῆς

310 595 412 665 err-epeia
429 591 528 648 Ῥανίαι
550 593 618 665 χρόα
644 592 926 666 δροσιζόμεναι-ἔατε
950 595 982 649 rd
1007 595 1206 667 πραεγεεῖρενον
1231 585 1296 671 (ie.
1317 586 1460 669 initium)

311 695 341 765 εξ
354 695 508 768 Ἰφιγενείας
521 698 567 763 τῆς
584 695 613 749 ἐν
634 694 734 751 Αὐλίδι.
780 686 887 766 Quum
902 709 977 754 vero
996 687 1080 754 nihil
1093 688 1158 754 tale
1176 689 1210 754 in
1229 677 1337 754 sibula
1351 711 1463 776 super.

242 859 245 869 ,
311 789 385 855 stite
409 789 591 877 reperiatur,
617 788 741 877 colligit
763 789 946 857 Boeckhius
968 789 1046 856 istos
1072 812 1181 858 versus
1207 789 1252 856 ad
1270 790 1367 857 aliam
1388 791 1462 878 jam

311 892 508 981 deperditam
529 891 693 981 pertinere.

375 993 496 1061 Verum
510 995 611 1060 multo
625 995 692 1062 veri
708 993 844 1060 similius
859 1003 908 1061 eet
917 993 1129 1062 Scholiastam
1144 994 1186 1062 ob
1199 993 1382 1062 memoriam
1395 1015 1464 1060 non

312 1097 389 1164 satis
408 1097 533 1162 firmam
554 1096 652 1164 firisse
666 1096 809 1184 lapsum;
840 1117 904 1183 quo
918 1096 1013 1162 modo
1027 1096 1137 1185 lapsus
1156 1105 1205 1164 est
1224 1095 1409 1184 Hesychius
1426 1097 1463 1162 in

311 1201 356 1288 gl.
370 1207 567 1282 'Arrapdr'nurc-
592 1209 623 1264 οὗ
636 1209 768 1282 πρεπᾶνεα
781 1206 927 1280 παρθένοις.
959 1209 1097 1280 Σοφοκλῆς
1109 1205 1250 1282 Ἰφιγενείᾳ
1264 1211 1295 1280 τῇ
1310 1209 1338 1264 εἰν
1351 1209 1460 1266 stim:

309 1327 382 1392 quae
404 1303 511 1391 glossa
532 1302 677 1392 pertinet,
692 1302 740 1368 uti
764 1300 947 1368 Bceckhius
968 1301 1093 1382 fatetur,
1116 1301 1158 1368 ad
1179 1301 1290 1390 Eurip.
1319 1300 1391 1391 Iph.
1415 1303 1461 1370 A.

309 1407 384 1474 895.
442 1405 488 1472 Et
509 1405 647 1494 profecto
673 1405 730 1472 diu
757 1405 936 1494 suspicatus
963 1415 1011 1473 est
1033 1405 1167 1493 Bergler
1191 1405 1403 1474 Scholiastam
1424 1407 1462 1472 in

309 1510 415 1577 animo
436 1509 586 1576 habuisse
608 1507 707 1576 verba
728 1509 763 1574 in
785 1509 857 1597 Iph.
883 1509 922 1575 T.
948 1511 1043 1581 1089.
1068 1509 1190 1594 (1057.)
1231 1516 1330 1592 'om
1351 1515 1368 1574 t
1390 1519 1462 1592 πρὸ

234 1635 237 1642 ’
308 1624 428 1698 πετρίνας
457 1623 559 1678 Πόντον
590 1621 717 1695 δειράδος,
747 1620 859 1679 maiar.
906 1611 1027 1680 Vemm
1058 1613 1118 1694 fac,
1148 1621 1186 1678 ut
1214 1612 1284 1680 haec
1312 1613 1461 1700 suspicio,

309 1739 405 1804 quam
434 1713 618 1781 Boeclrhius
646 1715 858 1803 impugnavit,
888 1737 1000 1804 perum
1026 1714 1162 1782 stabiliri
1191 1713 1347 1796 videatur,
1377 1715 1462 1780 nihil

308 1829 415 1884 aman
429 1815 572 1904 impedit,
588 1838 651 1905 quo
670 1817 786 1882 meua
796 1815 1107 1904 Mngraviusreete
1126 1809 1286 1884 ιεειειεεε
1303 1817 1461 1899 usam,

308 1944 361 1988 eos
384 1943 494 1987 versus
516 1919 593 1985 olim
613 1920 753 1986 effecisse
775 1920 929 2009 proodum
952 1929 1063 1986 cantus
1083 1921 1303 2009 antistrophiei
1326 1921 1361 1986 in
1386 1923 1460 1988 164.

311 2025 409 2112 (160.)
427 2032 459 2091 et
473 2047 543 2113 sqq.
586 2021 656 2090 Nec
678 2031 784 2090 tamen
805 2023 893 2090 omni
913 2033 1002 2112 parte
1027 2045 1080 2090 eos
1103 2045 1172 2090 esse
1191 2023 1327 2092 sinceros
1351 2024 1462 2111 colligi

307 2136 413 2216 potest
427 2149 445 2194 e
458 2125 564 2194 verbis
580 2123 782 2194 Scholiasta:
812 2135 933 2194 ε’λευόνεε
947 2135 977 2190 ιι
991 2133 1076 2192 ἐπάνω
1089 2138 1137 2190 τοῦ
1151 2139 1197 2206 τῆς
1210 2135 1350 2206 emme
1367 2135 1462 2194 ὕαιναι

308 2238 446 2312 καθήμεναι
474 2238 506 2295 rd
528 2240 614 2296 atter
635 2237 674 2294 eid
697 2240 725 2294 εό
753 2242 790 2315 τῷ
818 2237 892 2315 dido
916 2231 1017 2311 κείμενα
1043 2239 1219 2312 θερμαίναααι.
1239 2230 1273 2296 id
1296 2231 1386 2318 quoti
1409 2255 1462 2299 me

266 2407 270 2416 ,
308 2358 409 2422 nuper
432 2333 556 2418 monuit
579 2332 622 2401 G.
638 2333 773 2420 Burges.
817 2333 948 2414 Verum,
963 2342 1037 2400 utut
1055 2333 1125 2400 haec
1146 2333 1221 2414 sint,
1246 2333 1380 2402 minime
1404 2358 1463 2423 pro

307 2449 391 2504 certo
415 2437 525 2504 haberi
550 2436 646 2504 debet
670 2437 724 2502 vel
745 2437 840 2504 aliam
864 2439 906 2504 ab
931 2437 1087 2526 Euripide
1108 2437 1259 2525 scriptam
1280 2460 1351 2504 esse
1370 2436 1463 2525 Iphi·

306 2541 434 2628 geniam
453 2538 671 2622 Aulidensem,
692 2541 744 2607 vel
766 2540 849 2607 hanc
866 2542 907 2609 ab
929 2564 966 2608 ao
983 2563 1048 2608 non
1067 2541 1226 2630 scriptum.

371 2645 402 2710 3.
439 2642 503 2708 Est
516 2652 549 2709 et
562 2643 627 2710 alia
640 2644 725 2733 apud
740 2643 942 2733 Hesychium
956 2644 1001 2732 gl.
1011 2651 1166 2727 Ἀθροιπο
1180 2651 1345 2726 &eptem
1382 2655 1462 2728 εὐρε-

211 2807 214 2812 .
305 2757 382 2826 ειιηε
405 2754 545 2828 Ἰφιγενείᾳ
567 2760 598 2828 η’,
622 2757 651 2812 tv
672 2758 774 2814 Αὐλίδι.
793 2771 865 2836 quae
888 2749 1018 2836 quidem
1035 2770 1111 2830 vox,
1127 2747 1204 2836 quia
1222 2747 1260 2812 in·
1274 2747 1336 2814 hac
1350 2747 1475 2815 fabula·

306 2872 370 2916 non
393 2858 509 2930 exstat,
528 2849 571 2916 ad
589 2850 686 2916 aliam
703 2873 812 2918 revera
831 2850 1038 2940 Euripideam
1058 2851 1140 2918 inter
1157 2850 1337 2938 deperditas
1358 2851 1461 2918 voluit
1606 2851 1607 2912 l

306 2952 491 3020 Boeckhius
504 2952 622 3019 referri.

370 3057 490 3124 Verum
502 3055 598 3122 etiam
613 3055 656 3122 ad
669 3055 753 3122 hanc
767 3079 805 3123 aa
818 3056 925 3144 glossa
935 3055 1090 3144 pertinere
1104 3056 1218 3145 potuit,
1229 3079 1329 3143 eoque
1345 3057 1459 3145 magis,

305 3183 368 3247 quc
383 3160 491 3227 deesse
506 3183 633 3226 scenam
647 3160 795 3226 ultimam
810 3183 919 3227 omnes
933 3159 997 3225 fere
1013 3161 1213 3226 arbitrentur.
1244 3159 1341 3226 Prius
1352 3171 1459 3228 tamen

304 3285 401 3350 quam
416 3263 494 3330 certi
512 3262 590 3349 quid
610 3261 650 3327 de
670 3285 707 3328 ea
727 3271 894 3344 statuatur,
910 3285 1037 3330 necesse
1054 3273 1103 3330 est
1123 3273 1162 3328 ut
1179 3261 1333 3328 mendum
1351 3263 1407 3330 vel
1425 3263 1459 3328 in

297 3373 445 3446 Ἅθρουοεα
463 3364 517 3430 vel
536 3365 571 3430 in
590 3372 747 3446 duplicem
766 3367 958 3453 corrigatur:
990 3366 1107 3432 etenim
1129 3365 1193 3432 duo
1215 3364 1277 3432 isia
1302 3366 1460 3434 vocabula

304 3467 425 3533 ratione
439 3464 530 3530 nulla
543 3487 601 3551 pro
615 3466 803 3552 synonymis
817 3467 928 3533 haberi
942 3477 1085 3555 possunt.

367 3569 399 3632 4.
440 3565 641 3651 Argumenta
654 3575 687 3632 et
700 3566 773 3648 alia,
789 3590 861 3655 quae
875 3568 1024 3636 dicuntur
1036 3571 1169 3649 interna,
1185 3568 1318 3656 protulit
1333 3568 1459 3638 Boeck-

303 3669 387 3749 hius,
402 3678 439 3734 ut
453 3666 594 3733 fabulam
615 3659 816 3756 superstitem
835 3694 901 3737 nou
920 3673 1049 3760 majoris
1063 3695 1131 3739 esse
1146 3671 1313 3759 Euripidis
1328 3672 1460 3740 demon·

303 3781 426 3838 straret.
463 3769 603 3852 Etenim,
619 3781 656 3837 ut
669 3773 738 3860 ipse
752 3773 808 3854 ait,
825 3774 941 3841 “haud
955 3775 1088 3842 dubium
1103 3783 1161 3856 est,
1177 3775 1255 3862 quin
1269 3775 1459 3844 Aulideusis

303 3875 396 3942 docta
421 3875 463 3942 sit
488 3885 562 3942 ante
583 3875 762 3956 Tauricam,
785 3885 917 3944 utente
939 3887 987 3944 est
1009 3877 1134 3966 scripta,
1158 3887 1231 3944 ante
1253 3879 1363 3945 animo
1385 3903 1459 3946 con·

302 3987 412 4066 cepta3
434 3977 496 4044 hoc
512 3978 575 4044 uisi
590 3989 682 4061 esset,
698 3979 870 4068 Euripides
885 3991 995 4047 contra
1008 3991 1156 4048 naturam
1173 3980 1343 4064 docuisset,
1359 3984 1459 4071 scrip·

303 4081 405 4162 sisset,
421 4081 609 4169 cogitasset;
632 4094 674 4164 et,
690 4095 727 4150 ut
745 4084 853 4150 fecerit
869 4085 931 4178 hoc
948 4085 1074 4172 saepius,
1091 4084 1151 4151 etsi
1165 4071 1231 4151 ndu
1247 4095 1367 4152 temere
1385 4109 1457 4153 eum

302 4194 369 4250 tam
389 4183 551 4250 sinistrum
567 4183 712 4266 dixerim,
729 4195 811 4251 certe
828 4185 959 4272 hicnon
977 4186 1069 4268 fecit3
1100 4187 1250 4275 quoniam
1270 4187 1305 4252 in
1320 4187 1458 4255 Taurica

303 4286 364 4352 loci
378 4285 584 4374 reperiuntur,
598 4295 743 4373 respectu
752 4286 1129 4390 Aulidensiscompositi,
1144 4299 1268 4356 utente
1283 4298 1316 4356 et
1330 4293 1457 4380 scripta

301 4397 334 4454 et
349 4387 609 4456 actae—Taurica
626 4411 701 4454 vero
716 4397 787 4455 acta
802 4399 875 4456 ante
890 4389 1009 4470 Ranae,
1025 4391 1060 4456 in
1075 4414 1210 4478 quarum
1224 4416 1257 4457 v.
1271 4394 1370 4458 1232.
1386 4417 1457 4482 per·

302 4485 478 4579 stringitur.
491 4491 579 4558 illius
603 4491 768 4559 exordium
790 4501 925 4574 sss'llodrd
949 4501 1105 4561 Ταντάλειος
1130 4505 1206 4559 eui.
1251 4493 1329 4562 Jam
1356 4519 1456 4585 quum
