3234 5176
291 328 367 402 21ss
735 307 996 378 PRAEFATIO.

291 473 420 564 quidem
435 471 672 562 sotisuophicis
687 473 765 540 satis
779 485 923 542 accurate
938 495 1045 542 secum
1060 473 1318 563 congruentibus,
1335 474 1448 543 metris

291 591 399 647 tamen
413 577 562 667 Euripidi
576 599 705 667 prorsus
718 577 848 665 ignotis.
880 611 886 622 ·

350 681 509 750 Ultimum
520 681 657 769 denique
671 681 788 748 fabula
798 702 926 748 scenam
940 702 1009 748 esse
1022 680 1244 769 interpolatam
1258 679 1381 768 primus
1396 677 1448 746 in-

291 784 412 852 dicavit
423 783 582 852 Personas
593 785 627 850 in
640 782 859 872 supplement
872 783 1000 852 Praefat.
1012 783 1046 848 in
1058 783 1138 850 Hec.
1147 807 1178 872 p.
1187 783 1255 850 xxi.
1268 783 1347 870 (18.)
1358 782 1447 871 quod

291 901 324 956 ct
340 888 421 955 alios
436 888 574 956 Criticos
597 910 662 954 nou
680 886 801 954 vidisse
820 909 877 976 pro
891 886 1010 953 indicio
1025 897 1082 968 est,
1098 887 1290 977 quantillum
1304 886 1448 975 profece-

291 993 356 1060 rint
370 993 517 1085 Editooes
537 1004 611 1059 ante
626 991 760 1059 Porsoni
779 1000 922 1080 tempora
940 991 975 1057 in
993 993 1098 1072 rebus,
1121 1013 1194 1080 quae
1214 990 1257 1056 ad
1279 990 1447 1056 scientiam

290 1096 411 1184 linguas
425 1107 457 1163 ct
469 1106 643 1164 metrorum
658 1096 692 1161 in
706 1117 801 1162 scena
814 1095 926 1162 Attice
939 1095 1119 1183 pertineant
1133 1103 1288 1162 mecum

358 1198 442 1267 Sunt
456 1210 489 1266 ct
503 1199 567 1266 alia
581 1199 660 1280 loca,
676 1197 822 1265 breviora
841 1197 970 1285 quidem
989 1197 1055 1278 illa,
1074 1196 1131 1264 sed
1143 1219 1208 1265 non
1226 1195 1333 1262 minus
1347 1194 1448 1260 inter·

291 1301 408 1389 pelato,
429 1325 625 1390 peromnem
643 1301 786 1367 fabulam
806 1301 860 1366 hic
882 1301 951 1367 illic
971 1323 1094 1389 sparsa;
1117 1323 1190 1388 quae
1211 1299 1356 1366 tenebras
1378 1321 1448 1364 non

292 1404 380 1472 leves
405 1404 611 1486 induxerunt,
634 1413 667 1472 et
685 1426 816 1471 venems
840 1403 1010 1470 inficiendo
1029 1403 1139 1470 lectori
1152 1401 1357 1490 voluptatem,
1379 1423 1448 1489 qua

292 1508 355 1576 frui
379 1508 525 1589 debebat,
549 1509 766 1590 abstrderunt3
800 1531 934 1596 quorum
956 1529 1105 1574 numerus
1128 1507 1211 1572 inter
1231 1505 1370 1572 senarios
1394 1513 1449 1570 est

293 1611 416 1678 circiter
440 1611 573 1698 triginta
580 1635 589 1692 ;
611 1635 670 1678 nec
695 1611 797 1678 multo
822 1611 926 1678 minor
948 1621 998 1677 est
1025 1610 1107 1676 inter
1131 1609 1258 1697 lyricos,
1286 1608 1354 1675 sive
1378 1608 1449 1674 sint

292 1711 409 1800 integri
423 1736 545 1795 versus,
560 1714 629 1781 sive
644 1714 821 1795 dimidiati;
844 1737 862 1780 e
876 1713 993 1802 quibus
1013 1713 1077 1780 fere
1090 1713 1239 1780 undecim
1257 1713 1299 1778 ab
1312 1711 1394 1792 aliis,
1409 1723 1450 1780 at

293 1813 408 1902 reliqui
423 1836 532 1882 omncs
551 1837 636 1882 ame
655 1815 723 1882 solo
737 1839 794 1904 pro
812 1815 929 1903 spuriis
950 1824 1026 1882 sunt
1047 1814 1183 1903 expulsi.
1228 1812 1309 1882 Htec
1327 1812 1448 1896 omnia,

292 1917 380 2006 typis
394 1916 571 1984 minoribus
585 1939 713 2000 excusa
728 1919 833 1986 textui
847 1918 957 1986 curavi
971 1917 1179 2006 subjicienda.

358 2018 523 2086 Hactenus
546 2019 586 2087 de
607 2021 687 2088 meis
710 2022 907 2110 aliorumque
928 2021 970 2088 ad
991 2044 1101 2089 versus
1123 2020 1327 2108 interpolatos
1347 2019 1450 2108 perti·

293 2122 444 2189 nentibus
465 2121 575 2210 gestis.
619 2123 723 2191 Venio
744 2147 830 2192 nunc
851 2125 894 2192 ad
914 2146 966 2192 res
987 2125 1067 2192 alias
1081 2149 1101 2192 a
1115 2149 1167 2193 me
1180 2126 1316 2214 aliisque
1333 2125 1449 2206 facus

293 2248 365 2314 quoe
379 2227 539 2314 pertinent
553 2228 595 2294 ad
608 2229 708 2295 verba
721 2229 818 2295 nimis
832 2229 1032 2318 negligenter
1046 2252 1066 2295 a
1079 2229 1218 2295 librariis
1232 2229 1398 2316 descripta

357 2330 399 2395 In
427 2340 520 2398 textu
547 2332 742 2400 restituendo
770 2333 946 2422 principem
975 2333 1081 2398 locum
1109 2333 1173 2399 sibi
1202 2333 1275 2421 jure
1303 2331 1452 2399 vindicat

293 2431 517 2513 Marklandus3
541 2433 593 2500 eui
613 2435 755 2501 studium
771 2435 858 2502 hand
877 2436 948 2502 leve
963 2435 1107 2524 utrisque
1121 2433 1300 2524 Iphigeniis
1322 2435 1451 2523 impen—

294 2535 392 2616 denti,
422 2545 455 2602 ct
480 2535 561 2602 lueis
589 2537 737 2604 nonnihil
765 2538 843 2606 locis
869 2539 1012 2606 obscuris
1041 2548 1073 2606 et
1100 2539 1267 2607 medicinae
1294 2540 1451 2608 ulcerosis

294 2638 436 2704 afferenti
455 2638 555 2704 lector
574 2639 709 2729 quisque
727 2663 761 2708 se
780 2643 954 2730 plurimum
975 2643 1088 2709 debere
1108 2643 1318 2738 confitebitur.
1362 2641 1451 2731 Ejus

293 2741 465 2810 editionem
486 2767 586 2832 quum
607 2745 711 2812 denuo
731 2748 820 2836 typis
842 2746 971 2814 dederat
993 2747 1290 2816 Gaisfordius-cui
1313 2748 1449 2836 placuit,

293 2845 379 2931 quod
400 2846 602 2914 vehementer
625 2847 726 2929 doleo,
756 2859 849 2916 notas
874 2849 1008 2916 aliorum
1033 2851 1193 2917 comedere
1217 2850 1451 2939 potiusquam

293 2969 369 3014 suas
400 2949 502 3036 ipsius
529 2951 906 3038 proferre-occasionem
928 2953 1061 3041 arripuit
1084 2953 1259 3020 Elmsleius
1289 2956 1329 3022 de
1356 2965 1451 3022 utra·

293 3072 357 3138 que
375 3051 546 3139 Iphigenia
575 3053 734 3120 scribendi
759 3077 824 3120 non
849 3077 952 3142 pauca
976 3055 1060 3122 lectu
1083 3057 1281 3144 dignissima,
1306 3059 1449 3146 primum

293 3154 433 3242 Angues
454 3156 489 3220 in
515 3157 579 3222 re
604 3158 771 3245 paraq
790 3145 923 3239 aaa,
940 3157 979 3225 Τ.
995 3177 1058 3226 vn.
1080 3183 1111 3248 p.
1127 3163 1202 3228 441.
1224 3170 1256 3229 et
1277 3184 1347 3250 sqq.
1371 3163 1451 3231 dein

293 3255 409 3325 Latine
424 3258 457 3323 in
472 3257 558 3325 Mus.
571 3257 649 3326 Crit.
662 3260 701 3326 Τ.
713 3279 750 3327 11.
766 3284 798 3348 p.
811 3263 885 3329 273.
900 3273 932 3329 et
946 3285 1016 3350 sqq.
1038 3263 1187 3351 pauciora
1199 3287 1326 3354 quoque
1336 3266 1452 3333 Blom-

294 3359 422 3426 fieldius
444 3361 478 3425 iu
498 3358 640 3445 ejusdem
656 3361 811 3448 Opusculi
833 3363 873 3430 T.
890 3385 913 3431 1.
932 3389 963 3454 p.
984 3368 1056 3434 185.
1072 3377 1105 3433 et
1124 3390 1192 3455 sqq.
1208 3378 1283 3434 ante
1300 3369 1449 3452 dederat3

293 3481 423 3547 remque
446 3459 582 3524 similem
608 3471 796 3528 tractaverat
822 3463 982 3534 Porsouus
1005 3469 1135 3555 juvenis
1164 3470 1197 3534 in
1221 3469 1315 3536 Notis
1344 3471 1449 3542 MSS.

293 3583 428 3648 quarum
450 3560 621 3626 nonnullas
646 3562 846 3636 Gaisfordius
871 3569 907 3634 in
935 3569 1038 3638 lucem
1064 3571 1166 3639 edidit
1173 3597 1182 3653 ;
1214 3573 1346 3663 reliqua
1369 3595 1451 3642 vero

294 3661 329 3727 in
347 3663 417 3750 ejus
436 3662 638 3730 adversariis
662 3665 878 3754 divulgantur.

360 3759 426 3830 His'
451 3765 603 3832 subsidiis
623 3767 770 3836 omnibus
793 3771 902 3860 adjuto
925 3774 1007 3842 mihi
1026 3776 1118 3843 daile
1135 3785 1202 3843 erat
1220 3799 1300 3866 opus
1320 3789 1451 3847 textum

294 3887 389 3954 saepe,
400 3868 503 3956 magis
517 3893 614 3958 qnam
626 3881 708 3954 ante,
722 3885 892 3962 purgatum
908 3879 1113 3961 constituere3
1134 3889 1166 3946 et
1175 3882 1244 3970 jem
1258 3881 1450 3966 meditabar,

294 3978 331 4033 nt
353 3969 471 4037 fabulas
491 3971 568 4038 huic
587 3973 718 4043 edendae
737 3977 844 4044 darem
867 4001 1005 4068 operam,
1026 4005 1099 4048 cum
1122 3983 1229 4050 subito
1243 3984 1285 4050 ad
1301 4007 1351 4052 res
1366 3985 1451 4054 alias

294 4079 327 4136 et
340 4071 447 4137 studia
460 4073 675 4143 dissimillima
688 4103 850 4162 avocarer3
873 4091 906 4148 et
919 4091 992 4170 post
1006 4093 1133 4173 tempus
1146 4085 1238 4167 illud,
1250 4110 1315 4175 quo
1329 4111 1451 4158 munus

295 4172 485 4241 Professoris
500 4176 641 4265 deposui,
653 4204 709 4268 per
722 4205 822 4250 annos
836 4185 901 4250 fere
911 4185 1028 4273 viginti
1042 4211 1063 4252 a
1077 4188 1187 4269 literis,
1200 4211 1272 4276 quse
1286 4191 1450 4274 dicuntur,

294 4275 456 4358 Classicis,
471 4279 519 4344 fui
533 4280 613 4347 adeo
627 4284 833 4367 abalienatus,
843 4299 880 4352 ut
893 4311 933 4354 ne
950 4287 1045 4355 fando
1060 4289 1190 4377 quidem
1204 4291 1357 4374 audirem,
1369 4296 1453 4382 quid

294 4377 365 4446 Viri
376 4381 471 4448 Docti
482 4383 622 4464 fecerint,
632 4384 748 4452 nedum
760 4389 867 4470 libros,
878 4393 919 4458 ab
930 4391 970 4458 iis
981 4391 1093 4474 editos,
1106 4395 1340 4482 pervolverem
1356 4421 1450 4486 quos,

293 4483 389 4551 etiam
401 4485 429 4551 si
440 4486 565 4568 vellem,
575 4487 680 4574 legere
690 4490 749 4556 vix
762 4493 947 4578 potuissem,
959 4505 1071 4582 utpote
1086 4519 1142 4584 per
1156 4497 1331 4566 octodecim
1348 4524 1452 4572 annos
