3198 5178
316 346 369 424 xii
759 343 1020 413 PRAEFATIO.

315 537 434 603 factum
454 536 656 603 arbitrentur.
701 535 742 600 In
762 534 897 601 aliorum
920 535 1016 601 etiam
1036 533 1310 620 emendationibus
1331 533 1474 622 amplec-

315 639 420 706 tendis
442 651 554 706 cautus
577 621 645 706 esic
671 639 769 705 volui.
816 637 961 725 Singula
985 637 1135 704 Virorum
1158 637 1321 704 doctorum
1344 638 1473 725 conjec-

316 753 406 826 turae,
426 765 498 831 quae
513 742 566 810 vel
587 743 688 809 ullam
703 741 847 808 veritatis
867 741 1005 829 speciem
1027 741 1177 822 habeant,
1201 741 1381 808 auctoribus
1401 741 1473 807 suis

315 845 533 933 adsignantur.
578 844 737 928 Quoniam
752 867 828 912 vero
843 844 1020 933 complures
1036 853 1111 911 sunt
1125 843 1262 926 Reislrii,
1279 843 1472 931 Musgravii‚

314 959 347 1016 et
369 948 504 1015 aliorum
530 949 732 1029 mutationes,
758 969 830 1037 quae
855 972 875 1014 a
900 947 1178 1016 verisimilitudine
1201 969 1329 1037 prorsus
1354 947 1473 1015 abbor-

314 1063 414 1134 reant‚
441 1063 474 1118 et
498 1075 633 1141 quarum
658 1053 743 1119 bona
769 1074 843 1140 pars
868 1060 923 1118 aut
949 1052 984 1117 in
1009 1061 1156 1133 metrum,
1183 1061 1239 1118 aut
1264 1052 1298 1116 in
1323 1049 1472 1136 linguam

313 1165 433 1248 peccet,
459 1155 549 1221 nolui
578 1155 698 1221 talibus
726 1155 940 1221 memorandis
965 1165 998 1221 et
1028 1154 1210 1222 refellendis
1235 1153 1337 1220 nostri
1362 1151 1468 1219 libelli

314 1259 433 1326 molem
451 1280 575 1346 augere.
620 1255 814 1346 Ubicunque
838 1269 945 1326 autem
968 1258 1141 1348 Hippolyti
1162 1279 1273 1326 versus
1293 1281 1313 1324 a
1330 1255 1471 1324 Valcke-

314 1363 421 1430 naerio
435 1363 542 1428 minus
556 1371 639 1428 recte
653 1371 804 1429 nactatos
823 1385 892 1430 esse
907 1362 1128 1450 judicaverim,
1151 1362 1186 1428 id
1205 1361 1316 1429 sedulo
1339 1362 1451 1427 monui
1461 1387 1470 1442 ;

313 1487 378 1532 uon
402 1463 595 1554 obloquendi
618 1464 735 1546 studio,
760 1465 816 1533 sed
841 1466 917 1554 quia
940 1466 1117 1533 cavendum
1137 1465 1306 1546 videretur,
1327 1485 1367 1530 ne
1386 1463 1472 1530 tanti

313 1569 452 1637 nominis
466 1570 653 1636 auctoritate
667 1570 775 1658 plures
790 1570 825 1635 in
839 1593 974 1638 errorem
989 1569 1228 1636 abducerentur.

382 1672 424 1738 In
439 1673 573 1739 choricis
587 1673 734 1739 versibus
750 1673 943 1760 corrigendis
959 1696 996 1740 ac
1010 1671 1248 1751 distribuendis,
1265 1693 1303 1739 eo
1317 1671 1472 1759 majorem

313 1775 446 1843 adhibui
468 1776 741 1862 cautionemque
764 1777 895 1864 pronius
917 1777 959 1843 sit
983 1778 1017 1843 in
1036 1800 1071 1844 re
1088 1800 1200 1866 parum
1224 1763 1308 1842 certa
1329 1796 1471 1862 peccare.

313 1879 475 1968 Equidem
499 1900 627 1967 operam
649 1878 732 1958 dedi,
753 1889 789 1945 ut
811 1903 883 1968 qua
905 1890 1077 1948 metrorum
1100 1903 1216 1968 genera
1239 1877 1385 1965 Tragicis
1408 1877 1473 1945 fre·

314 1991 467 2072 quenteta
492 1983 566 2062 sint,
594 2005 640 2062 ea,
667 1991 823 2070 quantum
846 1984 914 2051 fieri
939 1983 1039 2064 licuit,
1070 1991 1341 2072 repraesentarem
1374 1991 1408 2048 et
1432 1991 1474 2048 ut

314 2085 443 2173 singula
462 2086 587 2151 cantica
600 2108 618 2152 e
633 2087 779 2154 versibus
800 2097 988 2169 constarent,
1013 2109 1093 2176 quos
1115 2088 1250 2153 libenter
1270 2085 1312 2152 ab
1335 2085 1375 2151 iis
1393 2108 1473 2151 con-

309 2190 438 2278 junctos
467 2211 536 2255 esse
564 2187 710 2258 viderim.
771 2188 938 2270 Quomodo
966 2213 1042 2256 vero
1071 2189 1140 2256 ham
1169 2188 1272 2277 operis
1301 2187 1365 2254 mei
1393 2209 1472 2275 pars

313 2293 535 2360 administrata
559 2293 611 2374 sit,
638 2293 731 2360 facilc
756 2294 916 2383 judicabit
939 2295 1038 2362 lector
1061 2293 1175 2360 harum
1199 2314 1304 2358 rerum
1333 2291 1471 2380 peritus:

313 2397 431 2484 quippe
446 2396 486 2464 de
501 2397 550 2477 iis,
567 2419 639 2485 quae
654 2408 772 2464 novata
786 2407 872 2480 sunt,
892 2399 926 2464 in
947 2399 1033 2465 notis
1051 2396 1212 2478 admonui,
1232 2395 1472 2464 observationes

312 2501 409 2568 etiam
423 2501 594 2567 nonnullas
609 2500 673 2566 huc
687 2513 865 2589 spectantes
880 2501 914 2569 in
930 2502 1064 2590 gratiam
1079 2501 1219 2568 tironum
1234 2499 1415 2566 intertexui.

378 2602 472 2684 Quod
494 2603 536 2669 ad
561 2603 789 2691 interpretandi
812 2614 844 2672 et
867 2603 1050 2671 illustrandi
1072 2624 1188 2670 munus
1212 2604 1335 2684 attinet,
1357 2603 1472 2668 diffici-

312 2706 393 2773 lium
414 2729 452 2772 ae
475 2706 628 2776 rariorum
653 2707 850 2775 locutionum
873 2707 1103 2796 explicationes
1127 2731 1145 2774 e
1168 2707 1330 2774 veteribus
1351 2705 1471 2772 Gram-

312 2811 438 2877 maticis
453 2811 583 2877 haustas
599 2811 811 2900 subjecimua3
834 2812 942 2879 allatis
965 2811 1101 2881 subinde
1121 2812 1265 2879 versibus
1287 2811 1469 2893 Poetarum,

312 2914 469 3003 imprimis
484 2913 703 3004 Tragicorum,
718 2917 804 2984 unde
825 2915 866 2983 ad
881 2939 985 2998 voces,
1007 2915 1265 2996 constructiones,
1289 2925 1322 2982 et
1344 2925 1470 2983 senten·

312 3019 374 3086 ties
395 3019 429 3085 in
443 3029 551 3086 nostra
565 3019 675 3087 fabula
689 3019 925 3109 intelligendae,
942 3021 1001 3086 lux
1016 3017 1151 3085 derivari
1166 3029 1283 3108 posset.

377 3122 418 3188 In
443 3123 717 3190 Annotationibus
743 3125 937 3212 reperientur
963 3123 1083 3190 notulae
1108 3123 1255 3210 quaedam
1281 3121 1469 3190 Marklandi
1590 3105 1591 3110 ἵ

313 3235 345 3292 et
373 3225 563 3313 Musgravii,
594 3227 749 3292 hactenus
778 3226 917 3292 ineditae.
975 3225 1101 3292 Harum
1130 3225 1254 3314 copiam
1283 3226 1364 3292 mihi
1393 3225 1470 3293 iecit
1590 3257 1591 3264 ¹

312 3328 483 3408 Bumeius,
499 3328 605 3395 studio
620 3327 742 3394 scilicet
761 3351 815 3395 eas
833 3328 944 3396 literas
959 3329 1107 3418 juvandi,
1122 3330 1288 3418 inquibus
1303 3330 1371 3418 ipse
1385 3329 1471 3396 inter
1590 3349 1591 3372 ¹

312 3431 479 3520 primarios
494 3440 655 3518 spectatus
669 3442 728 3498 est.

378 3532 433 3599 Ad
448 3533 618 3600 editionem
633 3557 736 3601 meam
751 3534 1006 3623 locupletandam
1021 3546 1221 3604 accesserunt
1235 3536 1368 3604 Porsoni
1383 3545 1469 3604 notae

312 3636 459 3725 quedam
485 3647 518 3703 et
542 3637 788 3720 emendationes,
815 3662 857 3705 ex
886 3639 1075 3707 adversariis
1104 3641 1173 3727 ejus
1201 3640 1236 3706 in
1265 3639 1471 3708 Bibliotheca
1590 3625 1591 3716 Ῐ

313 3739 452 3827 Collegii
474 3739 534 3809 SS.
552 3740 721 3808 Trinitatis
741 3741 916 3809 adservatis
940 3743 1105 3831 decerptae.
1151 3743 1200 3810 Ut
1219 3743 1271 3809 his
1292 3741 1470 3810 frumentun
1590 3731 1591 3808 i

313 3843 480 3932 Euripidis
496 3844 637 3927 laura,
659 3845 735 3912 raon
754 3845 929 3914 liberalitas
951 3847 1098 3936 prasus
1112 3845 1294 3927 venerans,
1313 3844 1470 3934 Episcopi
1590 3825 1591 3914 ἔ

312 3944 542 4027 Bristoliensis,
562 3957 595 4013 et
616 3945 754 4035 Collegii
777 3949 878 4014 nostri
903 3949 1081 4016 Saniorum.
1126 3949 1199 4038 Ego
1214 3971 1290 4016 vero
1310 3947 1470 4035 quidquid
1590 4033 1591 4038 ἵ

313 4047 356 4114 ad
385 4047 601 4137 Hippolytum
630 4051 792 4138 pertinens
825 4051 859 4117 in
889 4051 1022 4119 Porsoni
1057 4052 1184 4140 scriptis
1212 4051 1379 4118 inventum
1408 4063 1469 4134 est,
1590 4077 1591 4128 3

313 4150 441 4217 nomine
466 4153 602 4220 auctoris
625 4154 774 4235 indicato,
800 4154 937 4222 fideliter
962 4179 999 4222 ac
1024 4157 1171 4245 religiose
1196 4154 1358 4243 descripsi.
1404 4153 1470 4224 Hae
1590 4225 1591 4240 ,

313 4254 441 4352 quidem
464 4257 580 4322 summi
603 4257 714 4325 Oritici
739 4259 882 4348 reliquia
903 4260 936 4326 in
960 4259 1059 4327 Libro
1081 4260 1346 4327 Adversariorum
1366 4281 1471 4347 nuper

313 4359 433 4446 publici
452 4360 534 4448 juris
551 4361 634 4430 fecto
654 4363 813 4451 leguntur.
851 4363 966 4430 Visum
985 4377 1092 4431 tamen
1106 4387 1160 4431 eas
1175 4374 1325 4454 typorum
1340 4363 1468 4446 formas,
1590 4417 1591 4454 ,

313 4463 429 4551 quibus
444 4464 520 4530 olim
536 4464 753 4548 distinximus,
766 4468 800 4532 in
815 4467 875 4534 hac
890 4489 1016 4557 quoque
1031 4467 1169 4536 editione
1184 4491 1319 4535 servare.
1355 4466 1470 4534 Habes
1590 4485 1591 4536 ξ

312 4567 418 4648 etiam,
434 4567 540 4652 lector,
561 4570 717 4659 integram
733 4594 859 4638 scenam
875 4595 1000 4639 eversu
1016 4575 1088 4654 176,
1105 4573 1146 4638 ad
1160 4595 1191 4638 v.
1209 4573 1282 4639 ς266.
1300 4569 1470 4638 abeodem
