3234 5176
282 325 357 394 220
724 307 984 377 PRAEFATIO.

281 471 403 538 invitus
432 481 466 539 et
490 469 602 536 dolens
630 467 730 536 edice.
783 468 914 536 Etenim
941 489 1116 557 permagna
1140 477 1230 534 erant
1255 465 1438 536 Hermsuni

281 577 410 656 merita3
433 585 465 643 et
483 575 556 663 jure
577 573 697 662 optime
718 574 877 661 preconia
896 573 1099 662 popularium
1115 582 1148 641 et
1166 581 1345 640 exterorum
1359 581 1440 638 suut

281 679 316 744 in
331 677 445 744 Virum
460 676 630 757 cumulata,
645 677 701 764 qui
715 699 771 766 per
785 677 1016 744 semisaeculum
1031 685 1063 742 et
1081 677 1167 764 qued
1182 676 1320 744 excurrit
1334 674 1438 742 literis

282 779 406 848 Graecis
430 802 464 846 se
487 790 590 846 tetum
613 779 702 844 dedit
709 803 718 860 ;
740 779 877 868 fecitque
895 788 932 845 ut
946 780 1003 846 alii
1017 781 1162 848 semitam
1176 779 1309 846 eandm
1323 777 1437 846 eedem

283 885 398 964 stadie,
414 905 562 950 successu
575 893 682 949 tamen
705 906 770 950 neu
792 906 916 972 semper
929 885 1008 972 pari,
1029 885 1240 965 decurrerent3
1262 907 1357 972 neque
1379 907 1441 969 epo

283 989 443 1056 detrahere
457 990 562 1054 enaim
575 988 749 1054 Hwenwm
763 990 864 1077 cupiti
874 989 975 1055 multa
988 1013 1058 1055 cum
1073 989 1168 1055 brada·
1180 1012 1331 1055 mrmram.
1368 985 1437 1053 Sed

282 1102 321 1158 ut
335 1115 445 1158 verum
459 1091 720 1158 fatear-etenim
738 1091 772 1156 in
791 1091 880 1158 hisee
900 1092 1025 1173 studiis,
1041 1093 1124 1160 aient
1140 1092 1174 1157 in
1189 1091 1261 1157 aliis
1275 1089 1436 1168 omnibus,

282 1189 412 1283 que'ad
426 1197 570 1263 hemines
591 1206 744 1285 spectant,
761 1195 886 1263 Veritas
901 1207 950 1264 est
968 1198 1060 1264 uniee
1079 1193 1439 1282 colenda—Euripiden

283 1299 400 1368 fabulae
423 1301 497 1388 plus
518 1300 622 1368 obluit
636 1323 737 1388 ,quam
760 1300 878 1388 profuit
900 1300 1078 1368 Hermauni
1098 1300 1206 1379 laber;
1229 1321 1323 1386 quem
1346 1296 1437 1362 lesti-

283 1413 395 1470 nanter
417 1403 523 1484 nimie,
546 1413 584 1469 ut
606 1404 726 1490 opinor,
751 1402 908 1492 suscepit3
940 1403 1009 1472 fieri
1034 1413 1141 1470 tamen
1166 1411 1280 1491 potest,
1304 1411 1341 1466 ut
1363 1401 1438 1487 ejus

284 1506 449 1594 ingenium
467 1517 592 1595 tempus
612 1506 793 1586 reddiderit,
817 1513 892 1587 n'on,
915 1517 953 1574 ut
975 1507 1077 1574 faeere
1094 1506 1184 1587 solet,
1204 1507 1362 1584 obtusum,
1378 1503 1439 1570 sed

285 1619 394 1675 centra
408 1609 525 1676 subtile
539 1609 644 1696 magis
658 1632 755 1696 quern
775 1620 921 1690 acutum3
944 1619 976 1677 et
998 1621 1035 1676 ut
1058 1609 1190 1676 nimiam
1213 1608 1264 1676 sui
1285 1605 1438 1675 fiduciam

284 1713 440 1800 pepererit
454 1734 520 1778 vex
533 1711 743 1793 laudantium,
758 1712 910 1801 quiequid
923 1723 1000 1779 αὐτὸς
1013 1723 1075 1796 ter.

350 1815 457 1882 Meam
476 1817 575 1902 igitur
597 1817 810 1884 recensionem
833 1817 962 1898 nudam,
986 1826 1023 1882 ut
1046 1816 1125 1896 dixi,
1149 1813 1349 1904 typographo
1369 1813 1441 1902 pri-

285 1941 374 1984 mum
395 1918 522 1984 tradidi
567 1918 683 1984 Postea
696 1941 772 1986 vere
785 1919 932 1985 intellexi
951 1941 1027 1998 rem,
1045 1940 1141 2005 quam
1156 1918 1190 1982 in
1204 1917 1310 1983 anime
1325 1915 1439 1997 habui,

285 2020 407 2086 irritam
426 2029 543 2088 memet
562 2021 667 2108 ipsum
687 2043 756 2088 esse
777 2021 983 2101 redditurum,
998 2021 1061 2087 nisi
1076 2018 1344 2086 Commentarium
1359 2019 1441 2084 sub-

280 2123 421 2210 jecerim,
434 2123 518 2190 unde
533 2124 631 2190 lector
645 2124 685 2190 de
699 2125 813 2205 causis,
826 2124 946 2212 alioqui
960 2123 1088 2211 ignotis,
1104 2145 1176 2210 que
1189 2145 1241 2189 me
1255 2131 1290 2187 ut
1304 2122 1372 2188 hac
1383 2122 1440 2188 vel

285 2227 344 2292 illa
357 2238 513 2294 mutarem
528 2227 731 2316 impulerant,
749 2228 862 2294 certior
881 2229 976 2294 suerit
990 2228 1101 2294 factm.
1143 2226 1295 2293 Intellexi
1310 2247 1442 2314 queque

284 2353 365 2418 epus
383 2354 451 2397 esee
465 2331 550 2396 netis
565 2331 607 2398 ad
624 2330 694 2396 leca
711 2330 888 2396 difficiliora
907 2329 1196 2419 explicandaque
1217 2329 1273 2396 alii
1287 2329 1441 2396 Editeree

286 2433 339 2499 vel
361 2433 490 2500 omnino
511 2432 775 2521 pretermiserant
797 2433 851 2500 rel
869 2441 1080 2499 tractaverant
1099 2455 1164 2500 nen
1187 2433 1265 2500 satis
1284 2443 1441 2500 accurate.

287 2535 368 2600 Iuda
382 2535 498 2614 evenit,
513 2545 550 2600 ut
569 2557 611 2600 ex
626 2535 675 2616 iis,
696 2559 776 2623 quas
796 2535 874 2602 elim
894 2535 1027 2624 scriptae
1047 2535 1082 2602 in
1105 2535 1230 2602 schedis
1250 2535 1348 2602 habui
1372 2559 1443 2602 ser·

286 2647 388 2716 vetas,
411 2636 568 2703 delectum
586 2636 723 2719 fecerim,
750 2647 783 2706 et
805 2638 885 2704 alias
909 2637 1095 2720 addiderim,
1119 2661 1252 2726 quarum
1274 2640 1442 2706 materiem

286 2739 440 2807 editiones
465 2738 624 2808 Mattbiaei
646 2739 887 2830 Hermannique
907 2743 1119 2829 prebuerunt.
1173 2742 1318 2810 Priorum
1339 2766 1443 2833 prope

287 2842 456 2909 dimidium
485 2843 546 2910 fuit
575 2843 690 2911 Latine
719 2845 886 2933 scriptum
923 2865 1003 2932 quae
1031 2855 1144 2933 postea
1176 2847 1258 2912 verti
1287 2847 1442 2933 Angliee,

287 2947 408 3013 veritus
429 2971 470 3014 ne
494 2949 610 3030 nimiae
633 2949 795 3015 molestias
824 2958 856 3014 et
885 2947 966 3014 mihi
991 2957 1024 3014 et
1047 2950 1249 3039 typographo
1271 2950 1444 3017 facesseret

286 3049 441 3136 scriptura
455 3071 534 3129 mea,
546 3072 618 3136 quoe
628 3072 792 3137 nunquam
807 3049 867 3115 luit
880 3050 966 3116 lectu
979 3049 1092 3130 facilis,
1104 3059 1136 3116 et
1149 3073 1235 3116 nunc
1247 3051 1286 3116 lit
1298 3052 1445 3120 maxime

288 3151 425 3218 difficilis
440 3161 567 3240 prepter
586 3154 741 3234 morbum,
764 3175 860 3241 quem
874 3152 1010 3233 narravi,
1031 3153 1203 3221 oculorum.
1248 3155 1352 3236 Quam
1367 3159 1445 3244 qni-

288 3253 360 3322 dem
378 3253 498 3341 linguar
514 3255 723 3321 mutationem
743 3277 827 3343 agre
845 3255 915 3321 tuli.
959 3254 1089 3321 Etenim
1108 3256 1183 3322 licet
1203 3279 1272 3323 mos
1291 3257 1334 3324 sit
1351 3259 1444 3347 apud

286 3357 484 3435 recentiores,
507 3365 543 3420 ut
570 3378 713 3423 sermone
734 3357 903 3424 vernaculo
928 3367 1058 3424 utantur
1083 3359 1179 3425 etiam
1205 3359 1244 3426 de
1270 3361 1373 3442 rebus,
1396 3364 1444 3430 ad

287 3459 397 3524 literae
419 3467 485 3522 tam
506 3457 637 3524 Graecas
658 3481 754 3546 quam
776 3459 910 3527 Latinas
931 3462 1172 3550 pertinentibus,
1202 3461 1244 3530 ab
1266 3485 1304 3529 ea
1332 3475 1445 3532 tamen

288 3561 410 3626 ratione
424 3581 547 3646 semper
560 3569 593 3626 et
607 3560 675 3646 ipse
690 3560 746 3642 fui,
762 3571 794 3628 et
808 3563 891 3630 alius
905 3564 1042 3652 quilibet
1056 3566 1125 3646 erit,
1141 3565 1273 3647 ali'enus,
1289 3567 1317 3633 si
1331 3591 1445 3638 seeum

288 3671 412 3748 reputet
426 3659 576 3728 Latinam
591 3685 659 3729 esse
679 3664 823 3752 linguam
838 3668 986 3733 omnibus
1005 3690 1061 3757 per
1075 3669 1182 3735 erbam
1201 3679 1354 3737 terrarum
1368 3695 1445 3740 ern-

289 3765 365 3831 ditis
394 3788 611 3848 communem
649 3777 691 3850 et,
721 3769 807 3856 qued
834 3771 893 3836 vix
920 3771 1053 3838 mineris
1081 3784 1131 3839 eet
1158 3775 1320 3855 momenti,
1346 3786 1444 3846 netas

289 3867 404 3933 Latine
434 3869 566 3958 scriptas
591 3893 625 3936 se
650 3871 805 3940 brevitate
830 3895 888 3938 sua
913 3875 1140 3956 commendare,
1166 3886 1200 3942 et
1223 3875 1445 3963 prolixitatem

288 3969 394 4047 istam,
420 3988 493 4055 que
515 3971 740 4038 recentioribus
766 3972 886 4059 linguis
907 3973 987 4040 vitio
1009 3974 1090 4041 verti
1114 3997 1179 4041 nen
1204 3975 1321 4061 injuria
1347 3980 1444 4064 solet,

289 4069 418 4137 evitare.
475 4070 577 4158 Cujus
603 4073 681 4138 dicti
706 4097 771 4140 non
794 4075 923 4143 aliunde
949 4076 1172 4144 documentum
1199 4101 1295 4166 quam
1317 4103 1360 4147 ex
1380 4082 1447 4152 hoc

289 4172 372 4239 libro
401 4174 500 4260 quaeri
526 4173 634 4255 debet;
667 4177 733 4258 ubi,
763 4178 792 4243 si
820 4177 894 4265 quis
919 4189 952 4246 et
973 4179 1111 4267 Angliee
1131 4191 1164 4248 et
1186 4181 1302 4250 latine
1323 4186 1446 4274 scripta

289 4277 373 4343 inter
401 4299 435 4342 ee
456 4276 603 4356 conferet,
626 4277 654 4343 is
676 4278 762 4345 illico
791 4280 960 4369 perspiciet
985 4283 1091 4349 minus
1112 4307 1182 4350 esse
1203 4288 1354 4374 temporis
1375 4289 1447 4357 dis-

289 4378 441 4466 pendium
463 4378 499 4444 in
521 4379 571 4444 bia
593 4401 689 4466 quem
711 4381 745 4446 in
768 4382 832 4449 illis
858 4383 1011 4471 legendis,
1038 4394 1198 4454 ettamen
1223 4387 1306 4455 nibil
1331 4389 1446 4462 deesse

290 4482 332 4548 ad
346 4505 392 4564 aa,
408 4505 480 4571 quae
495 4482 596 4550 dicere
610 4483 713 4551 veluit
728 4486 914 4569 Annetater,
930 4487 1147 4575 intelligenda.
