3198 5178
233 1507 366 1584 Hanrs
387 1489 426 1584 in
452 1510 634 1604 manibus,
668 1510 813 1604 Lector,
841 1536 917 1587 uno
941 1511 1095 1588 tandem
1120 1510 1308 1587 volumine

152 1641 353 1738 conclusas,
382 1651 542 1745 quatuor
564 1644 756 1745 Euripidis
780 1643 925 1720 fabulae
950 1671 1042 1746 quas
1064 1645 1165 1722 idem
1189 1643 1309 1722 editor

151 1775 193 1852 in
220 1777 341 1853 lucem
367 1778 604 1878 proferendas
629 1779 782 1871 curavit,
808 1777 874 1856 sed
899 1779 1126 1880 singulatim,
1162 1777 1228 1856 sed
1254 1777 1309 1855 di·

150 1937 262 1988 versa
284 1911 518 2014 aliquatenus
541 1913 709 1991 adhibita
734 1913 887 1991 ratione.
940 1913 1131 1992 Nimirum
1156 1913 1307 2016 Hippo·

150 2047 268 2146 lytam
299 2071 397 2122 anno
425 2055 633 2141 urceorum,
671 2054 710 2123 et
740 2039 993 2147 quinquennio
1019 2056 1105 2149 post
1131 2047 1305 2141 Alcestin,

149 2179 307 2280 adjectis
337 2181 485 2281 utrique
514 2179 819 2256 annotationibus
849 2180 1013 2272 Latinis3
1053 2207 1152 2257 anno
1181 2188 1307 2258 autem

150 2323 358 2391 uncooxn¹¹¹⁰
382 2315 622 2416 Iptipcuiam
643 2315 686 2391 ia
709 2313 850 2392 Aulide
879 2323 918 2392 et
945 2324 1175 2392 uncccrrnvmo
1201 2315 1308 2417 Ipte'·

146 2449 300 2549 pentorn
327 2449 369 2526 iu
398 2449 648 2526 Tauriscum
676 2449 949 2526 commentariis
973 2450 1137 2552 Anglicb
1162 2449 1308 2551 scriptis

148 2585 315 2672 deuoluere
345 2582 471 2660 edidit.
531 2581 560 2658 J
562 2608 623 2657 am
657 2580 825 2682 pluribus
858 2581 993 2658 abhinc
1021 2582 1130 2659 annis
1159 2581 1307 2658 Editori

149 2716 193 2792 in
218 2724 381 2794 mentem
405 2715 511 2793 venit
538 2717 647 2792 hasce
669 2743 869 2817 agnoscere
893 2723 933 2792 et
962 2709 1087 2818 (prou‘t
1110 2716 1306 2818 flagitabat

148 2850 317 2927 materie
350 2851 512 2927 affinitas
537 2857 650 2950 atque
677 2850 807 2927 eadam
838 2850 878 2926 in
905 2877 1014 2951 opere
1040 2852 1187 2952 manus)
1221 2877 1306 2928 cum

147 2983 226 3062 illis
253 2985 483 3086 conjungere.
540 2985 668 3078 Quum
702 2990 829 3059 autem
863 2983 1103 3060 concinnitati
1133 2991 1172 3060 et
1199 2983 1306 3084 juno

145 3125 255 3210 turre,
289 3143 355 3218 pro
383 3143 486 3193 more
514 3142 591 3212 suo,
621 3115 828 3193 consuleret
859 3121 971 3214 atque
997 3114 1081 3192 ideo
1108 3123 1176 3192 aut
1198 3125 1306 3192 notas

146 3247 336 3350 Anglicas
360 3248 497 3325 Iatine
518 3255 585 3325 aut
608 3248 764 3325 latinas
783 3247 946 3350 Anglioe
967 3255 1132 3325 censeret
1154 3249 1306 3325 omnino

7 3431 8 3438 κ
148 3407 232 3459 esse
249 3381 456 3477 vertendae,
481 3381 574 3458 illud
596 3381 755 3483 denique
772 3381 950 3482 praetulit.
1002 3382 1091 3483 Ipse
1112 3409 1201 3459 vero
1222 3409 1306 3485 gra·

147 3516 315 3594 rioribus
349 3517 476 3593 officiis
510 3525 549 3594 et
582 3516 798 3594 infirmitate
831 3517 942 3594 simul
971 3518 1159 3595 oculorum
1191 3517 1305 3619 impe-

149 3651 264 3746 ditus,
283 3679 307 3728 a
324 3651 491 3754 Georgio
512 3652 660 3754 Burges
685 3652 934 3754 condiscipulo
961 3654 1150 3755 quondam
1174 3681 1242 3730 suo
1266 3664 1306 3731 et

148 3785 290 3862 multos
313 3812 380 3886 per
403 3812 521 3862 annos
545 3793 696 3887 propter
720 3786 851 3863 eadem
872 3786 1063 3865 literarum
1091 3788 1305 3866 Graecarum

150 3917 275 3994 studia
295 3918 424 4010 amico,
449 3927 495 3995 ut
516 3919 616 3996 hunc
636 3919 802 3997 laborem
826 3919 985 3997 vicarius
1005 3923 1207 4023 perficeret,
1237 3923 1305 4000 im-

149 4052 322 4153 petravit.
377 4053 453 4147 Qui
478 4081 546 4155 pro
571 4054 751 4156 singulari
778 4081 845 4132 sua
872 4055 1067 4156 diligentia
1091 4081 1167 4132 non
1192 4055 1305 4133 modo

150 4187 251 4289 quod
284 4188 503 4288 promiserat
536 4189 720 4291 praestitit,
756 4217 887 4267 varum
921 4189 1045 4286 etiam,
1081 4197 1126 4266 ut
1157 4189 1305 4268 lectoris

149 4320 376 4398 utilitatibus
400 4349 513 4423 quam
536 4323 700 4400 maxime
724 4323 974 4418 inserviretur,
1000 4322 1164 4401 universi
1184 4324 1305 4426 operis

149 4455 291 4532 indices
306 4465 383 4534 tres
398 4455 549 4534 aliunde
566 4459 748 4560 excerpsit
763 4457 910 4558 partim,
930 4457 1069 4560 partim
1086 4465 1125 4535 at
1141 4456 1188 4534 da
1205 4483 1304 4533 novo

149 4589 317 4668 confecit.
347 4591 423 4668 Sed
434 4591 499 4668 ubi
517 4618 615 4669 nunc
628 4591 685 4670 vir
698 4593 760 4670 ille
771 4593 836 4695 qui
852 4593 992 4695 gratias
1005 4619 1115 4694 agere
1132 4589 1300 4782 degebat,
