3234 5176
585 361 845 431 remanum.
1217 391 1291 462 215

135 523 274 591 Taurica
288 537 363 592 aute
378 527 488 594 Ranae
502 525 595 593 docta
612 528 664 608 sit,
680 527 741 594 fuit
756 528 852 594 etiam
867 529 1072 613 Aulidemis3
1099 533 1239 624 adeoque
1253 563 1291 607 ea

135 627 243 708 editio,
260 652 332 716 quae
353 639 427 718 post
441 630 551 697 Ranae
572 631 700 720 prodiit,
717 630 779 697 fuit
794 631 933 700 altera:”
964 634 1003 700 dc
1024 659 1087 722 qua
1108 639 1290 730 paulopost

135 727 227 797 addit
250 731 335 816 idem
360 733 412 798 vir
433 733 555 815 doctus,
580 739 709 822 “quum
732 756 786 800 eas
809 735 1009 817 mutationes,
1036 761 1108 826 qua
1133 741 1167 806 in
1193 744 1291 812 altera

86 867 92 882 ·
135 833 274 902 editione
289 837 381 902 facta
396 847 480 918 sunt,
495 837 553 902 illa
566 837 793 926 Aristophanis
811 837 921 904 fabula
934 841 1289 926 produxerit-necesse

136 947 185 1032 ast
209 948 257 1019 ut,
279 940 337 1027 qui
359 939 563 1027 Iphigeniam
583 940 793 1007 Aulideusem
807 941 966 1028 postlata
987 945 1187 1028 commiserit,
1204 949 1288 1017 idem

136 1063 228 1106 nova
242 1041 433 1108 recensionis
447 1051 556 1108 auctor
576 1041 749 1123 habeatur3
779 1042 835 1129 qui
855 1065 930 1110 vero
946 1045 1114 1128 commisit,
1131 1059 1179 1115 est
1193 1050 1289 1119 Euri-

136 1141 226 1230 pides
240 1144 352 1224 minor,
367 1145 417 1210 uti
431 1143 688 1212 testatur'Schol.
705 1145 746 1211 ad
761 1143 844 1211 Rau.
861 1145 935 1212 67.”

200 1247 248 1312 At
261 1247 357 1314 nihili
372 1257 420 1315 est
436 1260 659 1337 argumentum
680 1249 771 1330 illud,
787 1265 890 1336 neque
909 1239 1083 1338 quidquam
1101 1277 1286 1343 responsum

136 1351 286 1438 postulat,
304 1351 390 1440 quod
410 1352 451 1419 de
468 1375 574 1419 rerum
589 1353 699 1419 ordine
722 1345 943 1440 chronologico
962 1355 1107 1441 pendeat.
1154 1357 1287 1427 Constat

136 1455 221 1520 euim
247 1454 416 1544 Sophoclis
442 1455 641 1542 Antigonam
663 1455 762 1522 fuisse
783 1456 894 1522 multis
917 1457 1009 1523 anuis
1035 1468 1107 1525 ante
1131 1459 1286 1551 OEdipum

136 1555 310 1624 Coloneum
326 1556 545 1624 commissam:
572 1567 605 1624 et
622 1569 727 1625 tamen
741 1581 801 1639 res,
817 1577 889 1646 quse
904 1558 938 1624 in
953 1558 1014 1625 hac
1033 1559 1143 1627 fabula
1156 1586 1287 1632 narran-

137 1671 196 1740 tur,
223 1669 330 1748 gestas
351 1659 386 1725 in
411 1659 470 1725 illa
490 1672 728 1748 pracessenmt.
772 1661 886 1749 Neque
908 1661 1013 1749 majus
1038 1663 1137 1730 habet
1161 1667 1286 1754 pondus

136 1762 255 1828 dictum
281 1762 363 1829 illud
392 1763 431 1830 de
460 1763 581 1852 duplici
613 1764 810 1845 recensione3
859 1769 993 1852 quarum
1022 1766 1121 1833 altera
1153 1769 1286 1858 fingitur

135 1863 243 1932 Ranae
262 1867 470 1955 praecessisse,
489 1867 587 1933 altera
608 1889 684 1934 vero
707 1891 776 1934 esse
801 1877 917 1935 secuta.
962 1867 1101 1950 Etenim,
1129 1869 1285 1958 quomodo

135 1965 305 2056 Iphigenia
318 1968 456 2036 Taurica
472 1969 507 2034 iu
528 1969 631 2036 Ranis
653 1970 821 2052 deridetur,
844 1971 902 2036 vix
923 1971 993 2036 fieri
1009 1973 1115 2059 potuit
1133 1985 1169 2040 ut
1189 1975 1284 2044 Auli-

136 2069 241 2137 densia
259 2071 397 2138 similem
415 2081 531 2138 sortem
553 2073 715 2160 effugeret,
738 2073 766 2140 si
787 2073 900 2140 lubeat
920 2073 956 2139 in
977 2097 1103 2140 scenam
1125 2077 1233 2146 missa.

197 2173 360 2240 Ultimum
382 2173 518 2262 denique
540 2185 771 2262 argumentum,
795 2175 880 2264 quod
901 2185 934 2243 et
957 2177 1061 2264 ipsum
1081 2201 1138 2266 pro
1161 2180 1284 2250 interno

134 2275 243 2344 haberi
258 2274 362 2357 debet,
378 2299 420 2344 ex
434 2298 472 2344 eo
486 2276 613 2365 pendet,
628 2277 725 2366 quod,
734 2300 834 2365 quum
847 2279 977 2365 reliques
993 2301 1101 2345 omnes
1118 2279 1283 2370 Euripidis

134 2378 249 2445 fabulae
263 2379 432 2468 prologum
446 2379 620 2447 exhibeant
634 2380 765 2448 senariis
783 2382 946 2469 scriptum,
961 2381 1030 2448 haec
1049 2405 1113 2448 una
1126 2382 1283 2452 Aulidcn-

134 2481 264 2550 siscum
279 2481 449 2570 anapestis
463 2481 638 2550 inchoetur.
989 2561 996 2578 ι

196 2585 326 2667 Verum,
342 2585 418 2653 licet
436 2585 591 2680 Tragicus
611 2587 674 2654 sibi
692 2587 797 2674 legem
820 2588 860 2655 dc
877 2581 1018 2676 prolo'gis
1033 2591 1166 2658 senariis
1180 2591 1283 2682 impo-

134 2689 226 2756 sitam
245 2689 431 2777 plerumque
452 2691 634 2770 servaverit,
657 2691 801 2757 rationes·
816 2701 923 2758 tamen
942 2691 1058 2759 habere
1079 2691 1184 2781 potuit
1205 2697 1283 2762 satis

134 2793 264 2874 validas,
275 2815 331 2860 cur
344 2815 415 2872 eam
429 2792 563 2860 violaret
577 2792 611 2858 iu
626 2793 743 2874 fabula,
753 2793 811 2860 ubi
825 2803 898 2882 post
909 2805 1085 2882 mapastos
1100 2796 1145 2862 sic
1160 2798 1283 2866 noviter

133 2893 336 2975 introductos,
354 2917 442 2962 more
465 2894 582 2962 usitato
604 2918 664 2976 res,
687 2917 767 2982 quas
791 2903 980 2982 spectatores
1010 2895 1089 2962 scire
1114 2896 1282 2980 debebant,

133 2997 295 3064 reeensuit.

197 3099 320 3168 Dahae
339 3123 373 3167 re
395 3109 554 3168 meremur
567 3099 706 3168 exscribi
726 3101 823 3168 verba
841 3097 1019 3165 Hermanni
1041 3100 1076 3164 in
1096 3097 1223 3167 Praefat.
1240 3103 1282 3169 ed

132 3201 205 3290 Iph.
220 3203 261 3270 A.
277 3227 309 3292 p.
322 3203 369 3270 ix.
393 3209 413 3240 “
422 3203 474 3270 Ac
487 3203 589 3292 primo
603 3225 668 3270 non
682 3203 755 3284 alia,
771 3202 929 3290 inquiunt,
946 3201 1111 3291 Euripidis
1126 3205 1282 3291 tragoedia
1423 3234 1430 3246 ⁵

131 3306 298 3394 anapestis
312 3305 434 3394 incipit
479 3305 589 3388 Recta,
605 3307 810 3394 superstitum
824 3305 963 3393 quidem.
1000 3305 1047 3372 At
1061 3327 1157 3392 quam
1171 3307 1281 3373 multae
1342 3320 1350 3338 ·

131 3406 296 3494 perierunt,
312 3431 385 3496 quse
399 3408 494 3496 quale
514 3407 679 3475 exordium
695 3408 875 3488 habuerint,
893 3407 1061 3474 nescimus.
1108 3405 1173 3474 Sed
1187 3407 1281 3474 fuerit

131 3509 201 3578 haec
213 3511 314 3592 unica,
330 3511 453 3600 quidni,
468 3511 554 3599 quod
571 3512 605 3576 iu
622 3511 744 3599 aliquot
760 3501 878 3578 fabulis
893 3510 1071 3598 AEschylue
1083 3512 1169 3592 fecit,
1185 3511 1281 3579 Euri·

129 3610 219 3700 pidea
231 3613 291 3679 hac
304 3613 406 3680 facere
419 3613 525 3702 potnit
538 3613 572 3678 in
586 3613 672 3679 una?
713 3611 800 3678 Nam
814 3613 909 3700 plane
923 3613 957 3678 in
972 3614 1061 3679 nulla
1075 3613 1195 3702 fecisse,
1211 3625 1280 3682 tum

129 3715 255 3782 demum
270 3715 356 3784 credi
371 3716 509 3799 debebit,
526 3739 625 3804 quum
640 3715 756 3783 diserw
771 3725 981 3782 monstratum
1001 3716 1034 3781 id
1052 3716 1147 3782 faerit
1167 3717 1280 3785 idoneo

130 3819 264 3884 auctoris
293 3819 486 3887 testimonio.
546 3819 719 3906 Prologum
748 3841 833 3899 vero,
863 3817 989 3904 qualem
1018 3817 1082 3884 fere
1114 3817 1280 3906 Euripidis

128 3921 290 4006 tragoedia
307 3922 439 4004 habent,
454 3945 495 4016 ue
510 3922 545 3987 in
564 3921 625 3988 hac
638 3921 768 4009 quidem
782 3918 1015 4000 desideramus;
1042 3919 1108 4006 qui,
1125 3921 1153 3986 si
1167 3933 1280 4009 praeter

127 4023 386 4090 consuetudinem
402 4047 467 4090 non
487 4023 522 4088 in
541 4024 611 4112 ipso
625 4023 742 4090 fabula
762 4023 864 4103 initio,
880 4020 936 4088 sed
957 4020 1081 4088 medius
1103 4022 1185 4089 inter
1204 4047 1279 4090 ana·

125 4133 251 4212 pactos,
266 4127 384 4214 quibus
403 4129 627 4216 Agamemnon
648 4149 720 4194 cum
740 4151 814 4194 sene
836 4125 980 4192 ministro
1000 4147 1057 4193 suo
1078 4127 1277 4215 colloquitur,

125 4226 248 4314 positus
272 4240 330 4310 est,
357 4229 512 4298 reeordari
534 4231 689 4298 debemus
710 4253 748 4298 eo
771 4240 910 4318 tempore
934 4229 1083 4318 scriptam
1105 4253 1174 4298 esee
1196 4231 1277 4296 hanc

123 4331 324 4416 tragaediam,
351 4356 415 4421 quo
440 4343 560 4421 poetas,
584 4334 736 4402 inclinato
760 4335 829 4422 jam
855 4333 930 4401 flore
959 4334 1046 4415 artis,
1076 4343 1114 4400 ut
1136 4332 1276 4398 novitate

124 4433 324 4502 inventarum
349 4436 519 4524 placerent,
550 4437 592 4504 ad
621 4437 746 4505 insueta
775 4437 955 4525 eonmgisse
991 4437 1121 4503 minime
1151 4435 1193 4499 sit
1218 4433 1275 4498 mi·

120 4533 289 4604 raudum.’'
