3234 5176
615 373 877 442 PRAEFATIO.
1253 392 1328 460 219

173 539 334 608 oculorum
352 537 464 606 morbo
478 535 570 625 gravi
587 557 765 624 oppressus.
810 533 943 617 Quoties
960 557 1035 602 vero
1048 535 1130 604 mihi
1144 536 1244 619 licuit,
1259 561 1330 606 raro

172 653 278 710 temen
307 641 487 722 intervello,
517 641 682 708 literarum
715 639 897 708 Atticorum
927 639 1002 707 risu
1032 639 1105 721 frui,
1135 641 1230 708 toties
1258 641 1329 710 hsec

172 746 281 813 lebnle
294 745 375 812 mihi
389 744 432 811 ed
445 766 559 812 munus
574 744 648 825 fuit3
668 766 765 832 quem
779 742 896 812 idcirco
910 753 1011 810 totum
1026 743 1060 809 in
1072 745 1226 810 memorie
1240 745 1329 812 tenni

173 847 250 916 odeo
271 848 370 928 fideli,
389 860 427 915 ιιι
448 869 553 937 neque
575 847 726 936 temporis
751 847 860 914 fluxus
884 869 986 936 neque
1012 869 1121 914 cursus
1151 847 1329 916 studiorum

172 962 313 1019 mutatus
332 961 441 1041 posset
460 974 531 1018 esm
551 953 592 1017 eb
612 951 719 1017 enimc
738 950 875 1018 evellere
898 957 931 1016 ct
949 949 1117 1038 prohibere
1135 973 1199 1038 quo
1221 951 1329 1019 minus

173 1056 290 1122 chortis
312 1055 544 1122 committerem
569 1053 722 1142 quioquid
749 1053 831 1120 mihi
860 1053 894 1119 in
917 1064 1056 1121 mentem
1082 1053 1214 1135 venerit,
1241 1077 1328 1122 mess

173 1158 335 1246 opiniones
349 1168 417 1224 tem
436 1156 614 1245 corrigendi
628 1179 724 1245 quem
739 1154 947 1222 confirmandi
961 1179 1066 1236 cerne,
1082 1156 1240 1238 derebus,
1256 1181 1329 1246 quoe

172 1259 224 1326 vel
236 1260 280 1327 ed
294 1259 365 1326 loce
378 1260 520 1327 difficilis
529 1258 721 1348 explicanda
730 1259 784 1326 vel
798 1259 840 1326 sd
853 1259 1006 1327 mendose
1019 1259 1161 1326 sonanda
1173 1248 1329 1348 pertinere

172 1359 348 1428 rideentnr.

235 1460 417 1530 Consilium
441 1485 517 1530 vero
542 1461 662 1530 librum
685 1461 801 1530 edendi
824 1485 918 1530 omne
939 1462 996 1530 diu
1016 1463 1201 1550 abjeceram,
1228 1485 1344 1552 quum·

171 1567 250 1634 forte
263 1567 396 1654 quidem
409 1567 541 1647 amicus,
556 1565 742 1634 Graecsrum
760 1565 923 1634 literarum
944 1589 1008 1634 non
1031 1566 1171 1653 ignarus,
1191 1588 1327 1653 quocum

171 1668 211 1736 de
239 1667 411 1758 Iphigenia
439 1669 610 1736 Aulidemi
639 1669 852 1757 colloquebar,
880 1693 969 1738 mess
997 1670 1158 1737 chartulas
1185 1670 1327 1759 inspexit

171 1773 324 1860 primum
347 1772 422 1838 dein
441 1782 479 1838 ut
495 1793 549 1839 ces
569 1769 692 1860 publici
710 1771 793 1860 juris
814 1772 960 1854 boetem,
975 1773 1178 1841 vehementer
1191 1783 1241 1840 est
1253 1774 1328 1840 hor-

171 1885 276 1954 tetus;
298 1876 345 1944 ite
363 1873 450 1942 euim
467 1873 553 1942 dixit
565 1873 641 1956 fors,
660 1883 700 1942 ἰιι
718 1874 829 1942 fabule
849 1875 953 1962 magis
973 1899 1070 1964 quem
1093 1887 1166 1944 ante
1185 1877 1228 1943 eb
1241 1876 1327 1944 Aca·

171 1977 293 2046 demics
302 1977 473 2065 juventute
485 1975 651 2064 legeretur.
683 1977 836 2045 Hortenti
850 2001 925 2046 vero
939 1989 1016 2046 trrnc
1030 1980 1180 2068 temporis
1194 1979 1327 2067 obsequi

171 2079 250 2146 mihi
271 2101 335 2146 non
355 2079 483 2146 enimus
506 2089 592 2160 eret3
615 2079 692 2169 quic
713 2081 812 2169 probe
834 2104 985 2149 noveram
1008 2105 1060 2149 me
1083 2082 1237 2171 imperem
1257 2105 1326 2150 csse

170 2182 211 2248 sd
226 2182 344 2250 librum
358 2181 527 2262 edendum,
549 2203 587 2249 eo
604 2191 760 2270 apparatu
775 2181 904 2264 Critico,
924 2207 1020 2272 quem
1044 2206 1123 2272 opus
1142 2183 1326 2271 hujusmodi

169 2285 320 2372 postulet,
347 2285 546 2352 instructum.
591 2283 640 2350 At
664 2305 764 2371 quum
786 2285 871 2352 idem
898 2286 948 2352 vir
973 2286 1086 2352 doctus
1104 2296 1178 2373 poet
1202 2286 1327 2373 aliquot

170 2388 240 2456 dics
256 2389 338 2456 mihi
358 2387 442 2456 dono
464 2387 595 2456 dederat
612 2387 776 2476 exemplar
797 2389 946 2458 editionis
968 2388 1226 2470 Hermennienae,
1242 2411 1324 2476 quae,

167 2513 220 2558 me
240 2513 368 2579 prorsus
389 2491 510 2578 ignerc,
532 2491 636 2560 fueret
659 2491 730 2580 jem
751 2491 902 2560 decennio
927 2493 993 2561 fere
1013 2501 1126 2560 erecto
1148 2491 1323 2581 publicato,

168 2593 316 2661 libellum
339 2593 460 2674 sedulo,
483 2604 639 2681 qucutnm
670 2593 770 2683 potui,
801 2596 941 2684 perlegi;
974 2619 1075 2686 eoque
1099 2597 1236 2686 perlecto
1260 2617 1326 2663 non
1440 2675 1447 2689 ι

168 2698 240 2764 sine
266 2695 380 2764 letitie
401 2695 470 2762 vidi
491 2717 617 2764 mecum
638 2695 764 2778 Virum,
788 2697 922 2766 Porsoni
942 2700 1104 2787 quondum
1125 2699 1268 2780 rivslern,
1290 2699 1325 2764 iu

166 2797 264 2866 rebus
292 2797 455 2864 nonnullis
484 2797 677 2879 censentire3
712 2799 770 2866 scd
798 2799 833 2866 in
861 2801 944 2882 eliis,
978 2801 1081 2889 iisque
1115 2801 1262 2888 pluribus
1292 2809 1325 2867 et

163 2899 368 2988 gravioribus
382 2922 446 2966 non
464 2899 533 2968 sinc
553 2900 661 2968 dolore
675 2901 744 2968 vidi
765 2925 817 2969 me
840 2911 918 2984 toto,
942 2902 1029 2990 qnod
1043 2902 1169 2983 dicitur,
1185 2902 1266 2969 coelo
1280 2904 1323 2969 cb

166 3003 281 3074 eodem
303 3003 479 3070 dismntire
524 3003 652 3072 Mecum
679 3004 779 3092 igitur
800 3005 951 3072 constitui
980 3005 1014 3070 in
1039 3004 1172 3072 eundem
1195 3027 1322 3071 arenam

166 3105 368 3188 descendere,
393 3129 460 3194 spe,
490 3115 652 3195 utcunque
678 3108 753 3190 levi,
776 3108 890 3174 ductus
911 3108 987 3188 sore,
1009 3118 1047 3174 ut
1068 3107 1167 3173 liten's
1189 3105 1322 3188 Grecis,

165 3233 250 3298 ques
270 3231 377 3276 emors
391 3208 460 3296 pari
475 3209 657 3290 dileximus,
672 3209 879 3278 emolumenti
898 3209 976 3296 quid
998 3218 1225 3297 proventurum
1245 3208 1288 3274 sit
1304 3231 1322 3276 e

164 3311 343 3392 laboribus,
358 3333 439 3398 quos
458 3311 554 3378 umbo
578 3311 620 3378 ud
639 3309 817 3400 Euripides
834 3309 1081 3398 redintegranda
1094 3309 1324 3396 susceperimus
1471 3277 1479 3288 ⁹

164 3415 267 3484 simili
280 3412 411 3501 quidem
425 3413 541 3494 animo,
560 3413 617 3482 sed
637 3413 758 3481 retione
777 3413 926 3482 dissimili
943 3413 1093 3480 maxime.
1137 3411 1222 3478 Mihi
1236 3412 1322 3478 cuim

163 3521 251 3588 nihil
275 3518 365 3586 eliud
384 3519 419 3586 in
443 3517 575 3586 consilio
600 3528 677 3600 eret,
708 3541 804 3608 quem
832 3530 870 3587 ut
892 3529 1017 3588 textum
1039 3519 1164 3586 ederem
1188 3516 1321 3600 nudum,

162 3621 354 3710 corruptelis
380 3630 497 3702 umen,
519 3620 571 3690 vel
600 3621 643 3686 sb
669 3621 898 3710 Interpoletore
920 3623 974 3690 vel
997 3621 1142 3688 Librario
1163 3620 1320 3708 prosectis,

162 3726 358 3804 immunem3
390 3723 419 3792 si
447 3725 527 3790 forts
559 3723 594 3790 id
624 3723 693 3790 fieri
724 3736 841 3812 posset,
871 3726 1018 3813 vestigiis
1043 3725 1216 3805 literarum,
1241 3745 1322 3812 ques

161 3829 302 3898 Codices
313 3827 477 3908 exhibent,
488 3849 596 3915 presse
609 3827 792 3896 insistendo.
826 3829 874 3896 At
885 3826 1091 3895 Hermannus
1105 3850 1190 3894 nunc
1200 3849 1320 3907 remus,

161 3955 247 4020 quos
267 3932 325 4000 elii
346 3953 403 4021 pro
425 3931 543 4018 spuriis
562 3931 719 4018 rejiciunt,
732 3933 823 4012 tueri,
839 3943 876 3998 nt
897 3954 982 3998 nunc
1003 3931 1163 4018 leguntur,
1180 3939 1320 4012 conetur,

148 4033 218 4110 ‚vel
244 4035 327 4102 vitiu
350 4055 459 4102 eorum
481 4033 636 4120 corrigere
658 4055 718 4122 ope
737 4035 988 4120 conjecturarum
1004 4033 1191 4122 plerumque
1208 4055 1322 4122 perum

161 4135 234 4204 veri
255 4134 422 4216 similium,
443 4134 615 4223 uliqusndo
636 4146 670 4202 et
689 4135 989 4217 audacissimemm
1020 4159 1106 4204 nuno
1128 4147 1161 4203 et
1184 4137 1263 4216 locs,
1287 4135 1321 4202 in

159 4239 286 4328 quihus
303 4239 360 4306 elii
379 4261 420 4306 ne
438 4237 610 4306 scintillam
624 4237 754 4327 quidem
776 4240 965 4328 suspicionis
982 4239 1157 4328 perspicere
1176 4249 1319 4326 possunt,

158 4365 224 4408 sno
239 4341 338 4410 libitu
356 4341 512 4410 inutiliter
525 4342 642 4430 puriter
659 4351 692 4410 et
711 4341 878 4410 infeliciter
892 4353 998 4409 vexet.
1036 4342 1134 4410 Unde
1151 4341 1265 4419 evcnit,
1285 4349 1321 4404 nt

159 4447 236 4514 brec
249 4445 360 4516 febuls
373 4455 447 4534 poet
462 4445 640 4513 Hermsnni
661 4445 873 4514 recensionem
892 4445 973 4512 mihi
987 4445 1116 4533 quidem
1130 4465 1199 4511 esse
1212 4441 1320 4507 videe-

158 4559 217 4616 tur
243 4551 359 4633 minus,
384 4573 480 4638 quem
504 4549 591 4631 olim,
615 4547 799 4638 Euripides.
845 4549 948 4630 Quem
975 4548 1104 4636 quidem
1131 4544 1319 4612 sententium
