3198 5178
697 349 750 426 vii

228 551 402 652 Denique
429 549 645 626 Academiae
674 551 705 625 si
737 551 826 650 quid
861 559 927 628 aut
959 551 1216 653 amplitudinis
1245 560 1312 628 aut

149 686 348 788 dignitatis
378 687 555 762 interesse
579 684 776 780 videretur,
796 713 941 786 semper
962 685 1002 760 in
1028 695 1203 788 promptu
1230 695 1310 764 erat

150 829 281 898 auctor
312 847 429 922 sagax
454 819 714 922 providusque,
741 821 818 897 sive
844 821 1056 898 defensione
1082 848 1174 920 opus
1201 830 1307 914 esset,

148 958 353 1034 acerrimus
378 955 558 1033 defensor.

225 1087 364 1165 Literis
391 1095 519 1165 entem
548 1113 661 1188 quam
688 1087 819 1164 aeriter
842 1087 1056 1189 invigilaret
1081 1097 1196 1166 testes
1222 1097 1312 1165 sunt

151 1247 234 1322 quae
262 1221 424 1298 diximus
450 1247 587 1322 opera;
620 1229 747 1314 testes,
775 1247 857 1321 qnae
884 1247 969 1298 eum
999 1220 1134 1300 Oarolo
1164 1221 1193 1298 J
1194 1220 1309 1298 aeobo

151 1352 355 1430 Blomfield
382 1353 526 1430 edenda
558 1355 729 1454 suscepit,
763 1379 879 1455 quum
913 1361 1045 1430 caetera
1079 1363 1161 1430 turn
1196 1354 1309 1432 etiam
1442 1373 1445 1382 ’

149 1487 312 1563 Perenni
335 1487 571 1566 Adeamus
602 1495 641 1564 et
670 1489 845 1566 Murram
874 1489 1073 1576 Ordinem,-
1106 1489 1215 1566 testis
1247 1491 1309 1567 de·

148 1621 265 1722 nique
289 1621 374 1697 Vita
390 1621 560 1714 Bentleii,
590 1622 691 1720 quod
716 1622 795 1723 ipse
820 1623 898 1699 sine
924 1618 1168 1723 adjutore'ad
1197 1623 1309 1700 finem

148 1756 335 1855 perduxit,
355 1783 508 1858 operum
525 1757 733 1833 maximum
750 1765 863 1858 atque
880 1759 1152 1859 gravissimum.

226 1897 345 1967 Anno
374 1902 617 1970 unccexxu'm
641 1892 689 1969 ad
716 1893 953 1970 Deeanatnm
979 1893 1154 1970 Ecclesiae
1179 1893 1309 1970 Petro·

147 2023 345 2126 burgensis
357 2053 367 2114 ;
404 2033 641 2102 unceoxxx¹¹²⁰
666 2024 826 2126 denique
851 2026 900 2102 ad
927 2026 1196 2128 Episcopatum
1219 2027 1309 2104 Glo-

149 2167 372 2236 aestrensem
398 2159 572 2259 prelatus
597 2168 664 2238 est.
719 2160 869 2237 Exinde
890 2168 993 2238 totus
1009 2161 1054 2250 ¹in
1080 2161 1308 2261 amplissimo

148 2319 303 2370 munera
338 2321 452 2395 quum
487 2295 605 2370 literis
639 2320 714 2370 non
750 2302 793 2371 ut
827 2301 937 2372 antea
970 2303 1119 2372 vacaret
1157 2294 1308 2371 favebat

149 2433 276 2503 tamen
312 2434 351 2503 et
385 2427 685 2504 Universitatem
721 2453 833 2526 quam
863 2453 1026 2528 praesens
1058 2454 1168 2528 opere
1202 2453 1309 2504 orna-

147 2567 254 2638 verat
286 2561 419 2638 absens
450 2561 565 2638 etiam
592 2561 718 2638 studio
743 2562 1048 2663 prosequebatur.

223 2695 253 2770 J
253 2721 316 2771 am
355 2721 467 2796 snpra
511 2694 676 2796 Georgia
715 2693 862 2796 Burges
903 2702 995 2772 setae
1037 2702 1125 2771 sunt
1164 2695 1303 2796 gratiae.

149 2829 288 2905 Restat
318 2837 362 2906 ut
400 2838 561 2932 agantur
589 2831 703 2906 etiam
741 2830 908 2908 Henrico
950 2829 1135 2907 Richards
1175 2829 1306 2907 Luard

149 2959 310 3062 collegii
353 2961 423 3040 SS.
464 2961 657 3040 Trinitatis
701 2964 799 3040 senio
855 2972 893 3040 et
933 2967 1112 3066 Augusto
1161 2963 1325 3040 Arturo'

147 3094 366 3172 Vansittart
399 3095 563 3198 ejusdem
595 3095 753 3198 collegii
779 3123 898 3198 nuper
926 3097 1024 3174 sosio
1054 3098 1118 3199 qui
1145 3122 1224 3173 rem
1251 3096 1307 3171 in-

146 3229 358 3330 cipiendam
395 3230 556 3320 consilio,
595 3232 783 3331 inceptam
823 3258 892 3332 ope
931 3239 971 3308 et
1010 3257 1122 3332 opera
1155 3229 1306 3330 adjuva

145 3371 246 3442 nint.

225 3497 344 3574 Hune
377 3498 536 3600 deniqne
566 3498 704 3576 librum
738 3509 851 3600 atque
885 3485 1104 3576 uremoriam
1139 3498 1306 3575 Editoris

5 3669 7 3694 r
145 3634 265 3736 ipsius
281 3635 494 3736 exemplum
511 3636 627 3714 secuti
647 3634 776 3712 Anun
794 3637 928 3712 Murru
951 3659 1101 3711 unsrun
1122 3660 1305 3712 commen·

147 3770 291 3848 dumus.

511 3963 790 4034 GULIELMUS
824 3964 1065 4035 GEORGIUS
1099 3964 1267 4034 GLARK.

181 4295 323 4346 aueum
341 4297 515 4364 Ganabrigiae,

250 4400 268 4437 D
293 4401 349 4439 xlv.
363 4401 424 4440 [Ab.
438 4402 491 4440 001¹.
505 4402 654 4440 unanonvtn
